3610 5542
799 347 829 358 ..
881 311 1008 374 39...

247 473 365 557 doctis,
399 474 453 558 qui
481 472 626 538 Stanleio
663 475 792 537 auctore
825 473 864 537 de
891 471 1022 536 navium
1048 467 1240 554 fragmentis
1270 490 1382 534 vocem
1411 467 1553 533 δίπλακα

247 579 421 663 accipiunt,
450 601 633 663 quanquam
664 579 719 642 alii
742 578 965 644 Hermannum
994 575 1053 664 (Il,
1080 600 1111 661 p.
1132 575 1211 663 186)
1240 577 1340 640 secuti
1370 576 1408 640 da
1437 575 1553 660 amplis

247 685 417 751 Persarum
438 687 618 751 occisorum
638 686 782 751 vestibus
801 685 1033 770 cogitaverunt,
1057 682 1267 748 Oberdickius
1291 704 1366 747 vero
1386 683 1484 748 nimis
1503 706 1551 748 ar-

249 793 395 876 tificiose,
419 815 489 857 meo
514 792 643 877 quidem
665 792 794 876 iudicio,
817 793 903 857 hunc
927 793 1034 855 locum
1058 790 1097 854 ad
1118 791 1267 872 scopulos
1293 793 1436 873 spectare
1460 794 1552 874 puta-

246 899 306 982 vit,
338 899 379 962 ad
407 921 487 983 quos
516 899 687 963 Persarum
721 899 963 963 interfectorum
992 918 1128 979 corpora
1158 895 1288 960 detrusa
1320 893 1481 982 essentlss).
1512 933 1549 943 -

213 1059 216 1066 .
249 1004 312 1070 Per
334 1006 580 1089 metonymiam,
604 1028 667 1090 qua
690 1005 812 1070 nullam
835 1004 974 1068 fortasse
996 1001 1200 1067 audaciorem
1224 1024 1360 1087 usquam
1382 1003 1553 1088 inveneris,

245 1117 350 1194 torus,
377 1134 472 1196 quem
496 1115 604 1176 custos
626 1112 660 1175 in
685 1111 939 1196 Agamemnonis
962 1113 1049 1174 tecto
1074 1109 1236 1173 excubans
1259 1108 1355 1173 modo
1378 1109 1432 1174 hic
1456 1111 1551 1176 modo

247 1220 313 1283 illic
336 1220 434 1301 locat,
462 1218 653 1302 noctivagus
681 1223 813 1283 vocatur
837 1217 994 1282 traductis
1024 1217 1155 1280 adrem
1179 1237 1364 1300 possessam
1388 1217 1442 1300 iis,
1470 1239 1552 1301 quae

245 1328 285 1409 is,
313 1326 404 1390 ouius
434 1329 495 1408 est,
525 1345 620 1409 agere
648 1327 737 1390 solet.
781 1325 900 1390 Exstat
923 1324 984 1408 Ag.
1008 1346 1036 1388 v.
1058 1325 1111 1388 12:
1148 1326 1412 1406 νυκτίπλαγκτον
1436 1319 1551 1409 εύνήν,

244 1432 329 1517 quod
352 1433 437 1496 haud
462 1431 545 1495 male
564 1431 705 1496 Keckius
725 1430 769 1516 (p.
785 1430 864 1517 211)
884 1431 1055 1496 convertit:
1079 1430 1199 1513 „durch
1222 1429 1274 1494 die
1297 1430 1398 1494 nacht
1417 1430 1552 1516 irrend“,

245 1544 277 1603 et
299 1539 448 1623 Engerus
471 1535 515 1622 (p.
534 1538 625 1624 106):
656 1537 983 1623 „naehtschweifend,
1015 1535 1400 1618 nachtumhertreibend“.
1447 1536 1550 1613 Quam

244 1645 532 1710 conformationem
556 1666 686 1726 prorsus
710 1645 799 1710 tollit
821 1649 854 1708 et
872 1644 991 1728 Papius
1016 1647 1048 1708 et
1066 1642 1249 1708 Passowius
1275 1640 1351 1728 (vid.
1370 1642 1455 1729 len),
1479 1667 1552 1710 cum

243 1757 376 1838 uterque
396 1773 492 1816 sensu
512 1751 641 1834 passivo
661 1755 778 1815 vertat:
801 1751 1123 1834 „nachtumstuermt
1142 1772 1206 1814 von
1225 1750 1431 1816 ntchtlichen
1450 1754 1550 1817 stner-

244 1881 318 1924 men
342 1856 498 1940 umtobt“,
521 1861 579 1921 cet.

330 1963 453 2028 Eadem
477 1964 542 2028 fere
565 1965 692 2028 ratione
715 1963 880 2029 abstracta
903 1964 1120 2050 celebrantur,
1148 1969 1243 2049 atque
1273 1965 1320 2028 ita
1342 1963 1485 2048 quidem,
1515 1969 1552 2030 ut

242 2073 415 2155 pleraeque
438 2072 533 2135 huius
557 2070 684 2155 generis
708 2071 940 2136 translationes
968 2094 1005 2135 ex
1029 2072 1175 2155 mythico
1199 2071 1287 2136 fonte
1310 2071 1442 2136 fluxisse
1465 2072 1550 2136 vida·

243 2182 345 2242 autur.
392 2175 466 2260 Spei
489 2177 626 2242 facultas
651 2177 787 2241 adeundi
815 2177 855 2241 ad
879 2199 992 2242 urnam
1021 2178 1115 2244 datur
1138 2177 1203 2262 Ag.
1226 2201 1254 2242 v.
1274 2179 1338 2243 816
1355 2200 1414 2262 sq:
1445 2180 1491 2270 τῷ
1516 2173 1547 2244 δ’

243 2283 381 2372 ἐναντίῳ
401 2280 491 2348 κύτει
505 2278 616 2360 Ἐλπὶς
634 2279 773 2369 προσῄει
792 2280 901 2368 χειρὸς
921 2278 961 2348 ού
980 2281 1215 2372 πληρουμένῳ]
1240 2284 1342 2350 Hanc
1354 2285 1441 2350 enirn
1459 2286 1550 2352 codd.

242 2393 433 2475 scripturam
453 2389 639 2455 Dindorfius
658 2390 837 2454 Ahransius
861 2390 1011 2474 Engerus
1038 2392 1174 2457 Weilius
1198 2393 1255 2457 alii
1278 2395 1378 2475 recte,
1402 2396 1439 2456 ut
1462 2394 1549 2477 equi-

246 2498 314 2562 dem
337 2503 428 2582 put0,
450 2497 662 2562 retinuerunt.
700 2497 807 2580 Atque
831 2519 902 2562 meo
925 2497 994 2562 iure
1018 2499 1130 2562 Weilii
1153 2498 1193 2564 ad
1217 2499 1247 2562 h..
1262 2499 1282 2563 l.
1306 2497 1549 2565 adnotationem

244 2601 328 2686 (edit.
347 2627 378 2688 p.
397 2600 454 2689 67)
480 2605 660 2668 exscribere
683 2605 764 2670 mihi
787 2605 906 2690 videor,
930 2606 984 2690 qui
1008 2605 1086 2671 dicit
1111 2628 1164 2689 „se
1187 2628 1253 2670 non
1276 2605 1391 2688 videre,
1415 2606 1492 2691 quid
1514 2608 1549 2672 iu

241 2709 397 2776 librorum
422 2711 582 2794 scriptura
605 2715 773 2796 tantopere
797 2708 1039 2799 displiceat“⁷⁷).
1086 2710 1134 2778 Of.
1158 2713 1258 2778 eiusd.
1280 2712 1349 2777 fv.
1374 2713 1471 2778 1434:
1505 2709 1548 2779 ού

240 2838 297 2899 μοι
328 2812 441 2901 φόβου
470 2814 643 2903 μέλαθρον
671 2817 761 2896 έλπὶς
794 2819 943 2904 έμπατεῖ,
977 2821 1004 2884 si
1032 2819 1186 2903 Aeschyli
1214 2822 1263 2883 est
1290 2819 1371 2884 haec
1403 2819 1547 2885 codicum

242 2923 408 3006 scriptura.
430 2961 468 2970 -
487 2922 721 2990 Pervenustam
744 2926 919 3011 imaginem
938 2927 1062 2992 ibid-v.
1080 2928 1161 2991 1331
1179 2948 1246 3010 sqq.
1270 2927 1467 3010 invenimus,
1491 2928 1547 2992 ubi

240 3050 495 3115 unumquemque
519 3031 636 3096 chorus
660 3034 706 3097 ait
736 3055 801 3097 non
826 3033 921 3098 modo
951 3055 1018 3098 non
1041 3034 1204 3099 discedere
1228 3033 1404 3099 Fortunam
1428 3035 1546 3117 iubere,

239 3156 350 3200 verum
377 3137 475 3202 etiam
504 3159 574 3203 eam
598 3139 772 3224 cohortari,
802 3145 840 3206 ut
868 3163 961 3206 suum
990 3141 1090 3206 intret
1118 3141 1327 3206 domicilium:
1356 3136 1392 3206 τὸ
1417 3137 1479 3226 μὲν
1508 3130 1547 3207 eri

237 3237 400 3325 πράσσειν
428 3237 609 3329 ἀκόρεστον
637 3249 702 3330 ἔφυ
732 3247 823 3310 Πᾶσι
850 3250 1035 3330 βροτοῖσιν·
1069 3246 1353 3314 δακτυλοδείκτων
1382 3242 1413 3312 δ’
1446 3243 1547 3324 Ούτις

239 3340 390 3411 άπειποδν
409 3354 509 3433 εἴργει
528 3348 721 3436 μελάθρων,
742 3348 869 3436 Μηκέτ’
892 3351 1041 3439 ἐσέλθης,
1062 3349 1142 3418 τάδε
1161 3356 1295 3436 φωνάν.
1334 3353 1381 3420 Of.
1401 3352 1546 3439 Ohoeph.

241 3475 268 3516 v.
288 3452 330 3516 59
347 3475 405 3537 sq:
428 3450 465 3520 τὸ
490 3451 522 3520 δ’
544 3451 696 3541 εὐτυχεῖν
719 3452 797 3523 Τόδ’
824 3458 861 3522 ἐν
883 3462 1017 3542 βροτοῖς
1035 3455 1116 3536 θεός
1134 3483 1169 3524 τε
1192 3458 1247 3524 καὶ
1267 3462 1351 3525 θεοῦ
1373 3459 1483 3525 πλέον.
1506 3499 1542 3508 -

238 3558 347 3624 Noctu
373 3563 534 3627 ventitant
561 3565 688 3628 somnia
715 3563 820 3629 Prom.
853 3588 882 3630 v.
908 3567 986 3632 657:
1019 3562 1203 3650 νυκτίφοιτ’
1237 3562 1392 3652 ὀνείρατα
1421 3567 1545 3653 (Weil.:

236 3665 404 3750 φάσματα,
419 3668 553 3734 Weckl:
575 3669 734 3755 δείματα).
750 3709 791 3718 -—
808 3669 961 3736 Similiter
977 3670 1119 3758 Ohoeph.
1140 3697 1167 3739 v.
1183 3675 1247 3739 523
1258 3697 1340 3760 sqq:
1365 3677 1400 3738 έκ
1414 3669 1442 3738 τ’
1459 3669 1544 3739 όνει-

173 3769 182 3782 ’
238 3769 348 3856 ράτων
372 3772 440 3838 Καὶ
464 3775 735 3861 νυκτιπλάγκτων
764 3775 929 3863 δειμάτων
958 3779 1147 3866 πεπαλμένη
1176 3777 1267 3857 Χοάς
1295 3783 1416 3864 ἔπεμψε
1443 3777 1545 3846 τάσδε

237 3875 383 3958 δύσθεος
405 3878 500 3965 γυνή.
527 3919 563 3928 -
590 3883 695 3950 Prom.
724 3908 751 3948 v.
771 3885 836 3950 645
851 3901 933 3971 sqq:
967 3880 1019 3952 άεί
1042 3882 1107 3970 γάρ
1136 3881 1229 3964 ὄψεις
1257 3889 1391 3973 έννυχοι
1418 3885 1545 3954 πωλεύ-

236 4007 332 4068 μεναι
354 3981 405 4063 Ἐς
423 3989 644 4073 παρθενῶνας
662 3986 741 4068 τούς
764 3987 862 4074 ἐμούς
883 3988 1100 4078 παρηγόρουν
1119 3997 1249 4059 Λείοισι
1273 3992 1397 4078 μύθοις
1414 4000 1481 4060 κτλ.
1503 4032 1539 4042 -

236 4087 296 4177 A'g.
315 4116 343 4158 v.
359 4093 437 4158 330:
461 4098 719 4180 νυκτίπλαγκτος
742 4098 777 4162 ἐκ
800 4095 907 4183 μάχης
929 4096 1040 4177 πόνος.
1059 4137 1104 4146 -
1122 4099 1265 4184 Ohoeph.
1285 4125 1312 4166 v.
1331 4103 1409 4167 751:
1433 4126 1543 4168 νυκτι-

235 4193 411 4282 πλάγκτων
431 4196 561 4285 ὀρθίων
579 4199 798 4287 κελευμάτων.
818 4242 860 4251 -
880 4206 986 4271 Prom.
1008 4229 1038 4271 v.
1057 4207 1136 4272 576:
1159 4219 1219 4274 ποῖ
1240 4202 1274 4291 μ’
1301 4203 1444 4291 άγουσιν
1463 4242 1481 4269 ο
1500 4247 1541 4258 -

235 4305 434 4388 τηλέπλανοι
457 4301 610 4390 πλάναι,Ι
624 4309 700 4374 ibid.
725 4333 753 4374 v.
772 4312 850 4377 585:
878 4309 1086 4378 πολύπλανοι
1109 4311 1253 4398 πλάναι,
1277 4338 1305 4378 v.
1325 4317 1403 4381 838:
1426 4322 1541 4400 παλιμ-

236 4407 430 4495 πλάγκτοισι
454 4410 615 4499 δρόμοις,
640 4437 777 4499 quocum
797 4418 868 4483 loco
891 4423 1024 4504 perapte
1049 4419 1157 4484 Hense
1180 4405 1200 4486 l.
1220 4421 1239 4484 l.
1263 4444 1293 4505 p.
1309 4421 1351 4486 88
1376 4428 1542 4506 comparat

234 4515 324 4583 Pind.
340 4519 437 4603 Pyth.
452 4521 482 4606 5,
499 4523 553 4586 31:
574 4518 694 4607 δρόμοι
708 4524 893 4608 ποδαρκεῖς.
906 4561 951 4571 --
966 4526 1123 4610 Properat
1136 4550 1246 4593 rumor
1261 4527 1346 4612 Sept.
1365 4551 1393 4592 v.
1409 4529 1541 4613 285sq.:

234 4622 313 4706 πρὶν
328 4622 490 4709 άγγέλους
509 4625 694 4712 σπερχνούς
711 4651 745 4693 τε
764 4628 819 4694 καὶ
836 4629 1068 4716 ταχυρρόθους
1082 4630 1215 4717 Λόγους
1234 4633 1375 4700 ἱκέσθαι.
1413 4633 1460 4700 Of.
1479 4633 1540 4720 Ag.

234 4753 262 4795 v.
281 4732 346 4796 485
361 4755 421 4816 sq.:
451 4730 597 4811 πιθανὸς
620 4730 706 4817 άγαν
731 4730 748 4801 ὁ
772 4738 881 4821 θῆλυς
904 4733 982 4823 ὅρος
1006 4739 1192 4824 ἐπινέμεται
1219 4737 1422 4826 Ταχύπορος.

323 4837 507 4904 Nonnullae
527 4845 602 4905 sunt
615 4843 833 4928 metaphorae,
852 4847 967 4929 quibus
984 4849 1162 4913 comitandi
1182 4853 1214 4913 et
1233 4849 1384 4934 sequendi
1403 4851 1539 4914 facultas
