3610 5542
775 381 988 444 „41-

227 541 399 612 Persarum
438 543 570 607 classem
613 539 772 626 quomodo
815 562 914 605 naves
952 540 1148 605 Graecorum
1188 538 1274 603 haud
1316 539 1535 624 imprudenter

227 649 437 713 demerserint
469 649 556 713 velut
588 649 730 733 pugiles,
768 647 822 732 qui
855 647 1074 710 adversarium
1109 645 1231 709 feriunt
1263 647 1537 730 contunduntque,

228 755 363 820 nuntius
382 759 493 820 narrat
510 756 599 819 hisee
618 753 705 818 Pers
725 776 753 817 v.
769 755 833 817 417
845 776 904 836 sq.:
924 747 1117 834 Ἑλληνικαί
1132 775 1166 816 τε
1180 753 1258 835 νῆες
1282 747 1344 817 ούκ
1363 746 1537 838 ἀφρασμό-

228 885 295 938 νως
313 858 436 951 Κύκλφ
460 861 552 944 πέριξ
572 859 763 947 ἕθεινονὸῗ).
805 861 896 926 Sicut
919 882 993 924 vero
1018 859 1174 924 hocloco
1198 860 1262 942 ipsi
1282 857 1397 924 Graeci
1421 861 1538 925 subau-

226 968 333 1033 diendi
357 975 446 1053 sunt,
469 971 516 1034 ita
538 970 686 1034 homines
709 970 942 1054 intellegantur
965 990 1094 1032 necesse
1118 971 1168 1030 est
1190 967 1242 1030 his
1265 967 1359 1032 locis:
1391 964 1535 1050 Ohoeph.

227 1099 255 1140 v.
275 1077 338 1140 639
354 1099 413 1161 sq.:
447 1076 542 1162 ξίφος
566 1078 754 1140 Λιανταίαν
785 1070 961 1154 ὀξυπευκὲς
989 1071 1070 1160 ούτᾷ
1091 1101 1158 1152 ...3
1188 1074 1264 1138 ibid.
1287 1075 1408 1140 caeo:
1436 1071 1537 1139 κοπύ-

226 1207 296 1248 νων
315 1177 569 1267 ἀνδροδαΐκτων
584 1234 590 1247 .
607 1233 613 1246 .
629 1209 651 1262 .;
675 1204 705 1246 v.
725 1183 805 1248 889:
829 1178 1042 1268 ἀνδροκμῆτα
1065 1179 1206 1246 πέλεκυν
1221 1229 1228 1245 .
1245 1231 1251 1244 .
1266 1208 1289 1260 .;
1313 1181 1374 1266 Ag.
1393 1205 1422 1247 v.
1440 1183 1537 1247 1129:

227 1287 420 1373 δολοφόνου
451 1291 588 1374 λέβητος
619 1285 723 1373 τύχαν
762 1288 877 1373 (Weil.
909 1286 1047 1374 τέχναν)
1084 1305 1138 1352 σοι
1172 1287 1256 1370 λέγω
1276 1338 1283 1353 .
1303 1338 1310 1353 .
1330 1317 1352 1367 .;
1391 1286 1535 1372 Ohoeph.

226 1422 256 1463 v.
278 1399 376 1463 1015:
404 1394 633 1483 πατροκτόνον
656 1390 693 1460 θ’
719 1391 858 1481 ὕφασμα
882 1396 1096 1479 προσφωνῶν
1119 1391 1240 1460 τόδε..
1256 1423 1278 1474 .;
1303 1396 1391 1461 Pers.
1415 1397 1536 1462 ι.·278;

227 1499 329 1569 οὐδὲν
348 1501 411 1590 γὰρ
430 1501 524 1590 ἤρκει
543 1501 622 1580 τόξα
637 1556 642 1568 .
658 1553 665 1566 .
680 1529 703 1580 .;
728 1499 813 1586 Sept.
833 1526 862 1567 v.
881 1504 961 1567 216:
987 1499 1119 1587 πύργον
1137 1501 1265 1584 στέγειν
1284 1498 1423 1586 εὔχεσθε
1442 1501 1531 1568 πολέ-

226 1633 304 1694 μιον
324 1607 409 1695 δόρυ
468 1639 490 1689 .;
514 1610 589 1674 ibid.
609 1632 637 1673 v.
652 1609 730 1672 234:
754 1607 947 1694 δυσμενέων
968 1601 998 1672 δ’
1021 1603 1122 1692 όχλον
1141 1606 1268 1694 πύργος
1291 1605 1538 1692 ύποστέγει...,

228 1718 301 1781 alia.
339 1716 533 1801 Saepissime
557 1716 643 1780 enim
668 1716 754 1798 apud
776 1718 889 1799 poetas
914 1716 992 1780 haec
1016 1716 1099 1779 ratio
1119 1716 1268 1800 cernitur,
1293 1721 1330 1780 ut
1347 1717 1443 1780 rebus
1463 1719 1536 1807 'arte

230 1824 385 1889 confectis
409 1847 447 1888 ea
466 1823 695 1905 attribuantur,
719 1844 800 1906 quae
825 1822 863 1886 de
878 1807 1080 1907 'hominibus
1104 1822 1159 1907 qui
1183 1821 1223 1887 iis
1242 1827 1384 1906 utuntur,
1409 1823 1538 1907 proprie

228 1932 345 1996 valent.
383 1930 466 2006 Ouid
486 1929 609 1994 multa?
633 1950 742 1993 omnes
761 1930 945 1994 huiusmodi
964 1929 1196 1994 translationes
1216 1930 1375 1994 enucleari
1399 1933 1538 2013 possunt

233 2059 289 2121 per
312 2039 553 2123 metonymiam.

315 2144 503 2210 Auxiliandi
529 2144 622 2208 notio
651 2143 690 2207 ad
718 2147 839 2209 terram
867 2144 1096 2209 transducitur.
1141 2140 1266 2207 Chorus
1296 2144 1382 2208 enirn
1412 2165 1538 2208 summa

228 2275 299 2316 cum
325 2251 425 2314 animi
449 2249 665 2315 commotione
694 2271 766 2312 eam
795 2249 995 2333 adhortetur,
1022 2254 1059 2313 ut
1088 2248 1207 2313 auxilio
1237 2249 1367 2314 adiuvet
1390 2250 1537 2315 Orestem

228 2357 371 2442 Ohoeph.
390 2381 418 2424 v.
439 2359 502 2422 722
518 2380 601 2442 sqq.:
626 2343 652 2420 oi
671 2352 791 2420 πότνια
809 2351 904 2441 χθὼν
922 2353 978 2420 καὶ
997 2349 1105 2420 πότνι’
1132 2351 1213 2440 ἀκτὴ
1233 2353 1384 2439 χιόματος
1399 2410 1405 2423 .
1421 2405 1451 2424 ..
1472 2358 1537 2420 νῦν

228 2463 398 2551 ἐπάρηξον.
442 2462 489 2530 Of.
513 2463 599 2548 Sept.
624 2487 652 2528 v.
677 2465 718 2528 69
735 2487 817 2549 sqq.:
850 2460 905 2527 καὶ
928 2464 977 2547 Γῆ
993 2513 999 2526 .
1015 2511 1045 2527 ..
1065 2457 1143 2546 Ἀρύ
1168 2457 1196 2526 τ’
1219 2457 1350 2547 Ἐρινὺς
1373 2457 1535 2547 πατρὸςὴ

232 2565 505 2654 μεγασθενὴς...
528 2569 668 2654 γένεσθε
692 2566 723 2635 δ’
750 2566 844 2654 citari.

315 2677 551 2743 Pessumdandi
579 2657 640 2743 vel⁸
656 2677 870 2742 interficiendi
897 2678 1033 2742 facultas
1061 2679 1229 2760 praeterea
1254 2677 1408 2742 tribuitur
1431 2676 1537 2741 Mara·

230 2785 331 2852 thoni.
367 2785 497 2852 Etenim
516 2784 647 2868 Persae,
671 2785 726 2869 qui
744 2806 854 2870 pugna
873 2785 957 2868 apud
976 2783 1204 2848 Marathonem
1228 2783 1315 2848 faeta
1334 2785 1432 2848 occisi
1452 2787 1536 2866 sunt,

227 2892 268 2956 ab
292 2892 364 2975 ipso
386 2893 458 2956 loco
482 2889 601 2973 perditi
624 2891 790 2976 finguntur
813 2891 900 2955 Pers.
924 2914 952 2955 v.
971 2890 1037 2954 474
1052 2911 1111 2973 sq.:
1147 2885 1209 2955 ούκ
1232 2885 1441 2976 α’πήρκεσαν,
1466 2883 1535 2966 Οὓς

229 2995 358 3082 πρόσθε
382 2993 562 3082 Μαραθὼν
585 2995 767 3082 βαρβαρων
791 2993 970 3064 ιἰπιόλεσεν.
997 3033 1034 3042 -
1061 2996 1190 3079 Hiems,
1218 2998 1336 3080 quippe
1361 2999 1450 3062 cuius
1479 2999 1536 3061 fri·

228 3125 306 3189 gore
325 3125 399 3168 aves
418 3126 649 3189 nonnunquam
667 3109 815 3189 pereant,
835 3106 943 3170 arium
963 3106 1096 3170 vocatur
1116 3102 1316 3170 interfectrix
1336 3101 1397 3188 Ag.
1416 3125 1444 3166 v.
1459 3103 1537 3168 563:

227 3211 440 3296 χειμῶνα...
460 3207 694 3278 οἰωνοκτόνον.
717 3249 752 3258 -
775 3212 946 3277 Discordia
965 3210 1081 3294 Oedipi
1103 3209 1189 3274 filios
1210 3207 1307 3272 exitio
1331 3208 1431 3272 tradit
1450 3208 1536 3293 Sept.

226 3318 350 3383 alae:
380 3316 584 3403 παιδολέτωρ
609 3313 640 3381 δ’
667 3319 735 3403 ἔρις
757 3313 813 3383 ἅδ’
840 3314 982 3404 ὀτρύνει.
1544 3375 1574 3404 ,

316 3422 462 3488 Venator
493 3420 554 3508 ύτη
587 3422 693 3490 Prom.
727 3447 755 3489 v.
782 3426 867 3489 1072
888 3448 947 3509 sq.:
985 3419 1069 3507 μηδὲ
1100 3418 1183 3508 πρὸς
1219 3415 1301 3506 ἄτης
1332 3428 1538 3506 θηραθεῖσαι

230 3529 422 3616 Μέμφησθε
448 3528 561 3616 τύχην.
608 3531 730 3608 Quibus
755 3532 861 3595 verbis
885 3529 1063 3595 Mercurius
1087 3528 1209 3594 Oceani
1232 3531 1316 3594 filias
1340 3530 1537 3613 cohortatur,

227 3641 264 3700 ut
287 3636 462 3720 discedant,
484 3659 526 3701 ne
550 3636 703 3722 perniciei
722 3638 844 3702 retibus
865 3640 977 3720 captae
1001 3659 1156 3702 unacum
1175 3636 1369 3701 Prometheo
1393 3659 1536 3720 pessum-

230 3743 356 3807 dentur.
1499 3741 1502 3748 '

315 3848 442 3931 Restat,
470 3854 506 3913 ut
529 3872 583 3914 eas
607 3851 764 3935 imagines
787 3850 1035 3935 perlustremus,
1064 3849 1181 3933 quibus
1204 3847 1352 3913 vincendi
1380 3853 1414 3913 et
1436 3827 1536 3913 donii-

168 3993 182 4017 .
226 3955 325 4020 nandi
357 3955 447 4019 notio
476 3957 694 4040 metaphorice
726 3961 909 4041 usurpatur.
961 3957 1050 4033 Quae
1078 3956 1154 4020 huic
1181 3959 1201 4036 ξ
1230 3954 1418 4019 inserendae
1450 3955 1537 4019 visae

227 4065 310 4145 sunt,
336 4085 520 4147 quanquam
544 4063 577 4126 in
600 4064 748 4146 proxima
772 4085 897 4148 quoque
922 4067 942 4144 ξ
964 4064 1070 4128 locum
1094 4063 1134 4125 iis
1160 4062 1229 4125 dari
1252 4061 1353 4127 licuit.
1388 4060 1537 4158 Namque

227 4168 261 4232 in
290 4169 425 4253 singulis
455 4171 724 4234 translationibus
754 4171 807 4234 vix
831 4170 999 4234 diiudicari
1027 4171 1148 4252 potest,
1177 4174 1284 4232 utrum
1312 4168 1455 4251 corporis
1478 4167 1535 4232 hu-

227 4275 315 4339 mani
343 4275 513 4339 facultates
547 4277 650 4361 magis
682 4280 861 4359 appareant
894 4276 1053 4341 concretis
1087 4275 1321 4358 abstractisque
1354 4275 1537 4358 impertitae

227 4403 269 4444 an
292 4401 343 4464 ea,
374 4402 455 4464 quae
479 4381 520 4444 ad
543 4386 685 4446 mentem
710 4387 869 4466 spectant.
914 4381 962 4446 Ac
985 4382 1098 4445 leviter
1121 4385 1248 4446 tanturn
1272 4403 1340 4465 ονε,
1369 4403 1451 4464 quae
1474 4382 1538 4446 huo

228 4486 406 4572 pertinent,
435 4489 707 4553 conformationes
737 4490 897 4574 attingere
922 4490 1002 4553 satis
1026 4489 1114 4573 duxi,
1144 4490 1220 4572 quia
1243 4494 1276 4555 et
1298 4477 1360 4572 'per
1384 4511 1417 4552 se
1441 4490 1536 4572 plane

226 4592 384 4658 dilucidae
414 4598 445 4657 et
474 4616 584 4658 omnes
615 4595 681 4659 fere
711 4596 884 4660 admodum
915 4596 1121 4659 oblitteratae
1151 4596 1307 4660 videntur.
1338 4631 1375 4640 -
1406 4595 1537 4660 lustitia

228 4699 397 4765 victoriam
417 4700 510 4764 affert
529 4699 671 4785 Ohoeph.
690 4725 718 4766 v.
738 4703 811 4768 148:
837 4704 911 4788 δίκη
931 4699 1112 4790 νικηφόρῳ.
1135 4738 1180 4748 -
1194 4698 1274 4786 '‘Avp
1295 4702 1392 4766 etiam
1413 4704 1536 4766 caelum

226 4807 327 4871 vincit
349 4805 459 4892 Suppl.
479 4830 506 4874 v.
524 4807 600 4872 165:
623 4803 708 4872 όταν
731 4803 967 4893 οὐρανόνικον.
994 4847 1030 4855 -
1058 4808 1233 4874 Vincentes
1257 4815 1354 4894 porro
1377 4809 1536 4894 effingun-

225 4917 292 4978 tur:
316 4915 394 4998 ἔρις,
419 4916 511 5000 ἔρως,
535 4912 652 4998 φόβος,
676 4912 790 4999 πόνος,
814 4912 920 4992 ὕπνος
944 4917 1026 4980 aliae
1047 4917 1210 4980 notiones:
1233 4917 1326 4981 Eum.
1346 4938 1373 4980 v.
1393 4917 1459 4981 974
1474 4939 1536 5001 sq.:
