3610 5542
801 355 1016 420 „10-

256 539 284 580 v.
312 514 395 579 1043
412 537 472 598 sq.:
498 564 504 578 .
528 565 535 578 .
559 565 566 580 .
591 509 641 579 ἐπ’
668 511 740 597 ἐμοὶ
764 513 931 600 ῥιπτέσθω
960 509 1021 598 μὲν
1046 509 1161 600 Πνρὸς
1189 508 1345 600 ἀμφήκης
1367 511 1565 602 βόστρυχος;

256 643 339 706 quae
363 620 575 687 conformatio
600 622 663 685 etsi
686 621 779 687 nobis
803 621 1016 686 audacissima
1035 622 1170 704 videtur,
1189 621 1438 708 diligentissima
1456 625 1566 688 tamen

257 729 480 794 observatione
505 727 694 793 fulminibus
719 729 858 812 obliquis
884 733 1033 813 surrepta
1057 733 1115 792 est.
1161 729 1246 794 Nem
1274 751 1309 793 re
1332 751 1407 794 vera
1430 730 1566 794 fulmina

256 835 442 919 emicantia,
466 857 547 920 quae
567 835 763 901 discursibus
784 837 879 900 tortis
898 835 1098 918 vibratisque
1117 834 1314 919 deferuntur,
1333 836 1482 902 cincinno
1500 859 1564 902 non

256 941 425 1006 dissimilia
450 945 533 1008 sunt.
561 979 596 988 —
624 942 771 1008 Breviter
794 943 855 1008 hoc
880 943 951 1008 loco
976 963 1192 1008 commemoro
1217 940 1361 1025 Choeph.
1386 964 1414 1007 v.
1433 944 1486 1026 32,
1509 943 1564 1008 ubi

256 1048 412 1131 mythice,
441 1055 476 1112 ut
500 1050 637 1132 videtur,
657 1051 798 1116 notione
827 1046 883 1136 (cf.
907 1047 994 1132 Sept.
1019 1072 1048 1113 v.
1071 1045 1130 1136 45)
1153 1049 1252 1114 timor
1276 1050 1411 1132 capillos
1437 1050 1564 1134 erigens

255 1155 403 1238 lingitur:
433 1151 600 1240 ὀρθόθριξ
629 1152 750 1240 φόβος,
780 1155 819 1222 cf.
843 1159 864 1236 ξ
888 1155 917 1220 5.
945 1192 981 1202 -
1007 1155 1037 1219 Α
1066 1156 1208 1220 crinibus
1238 1159 1274 1220 nt
1302 1155 1342 1219 sd
1370 1155 1488 1244 faciem
1512 1157 1565 1220 de-

256 1261 460 1344 scendamus,
483 1285 555 1326 earu
580 1263 728 1326 fortunae
752 1267 862 1326 noster
881 1261 993 1326 induit.
1033 1259 1133 1326 Laeto
1152 1266 1306 1346 tanquam
1326 1262 1417 1326 vultu
1436 1285 1474 1327 ea
1493 1285 1566 1329 con-

256 1369 391 1452 quiescit
424 1367 567 1452 Ohoeph.
600 1391 627 1434 v.
657 1369 735 1432 969:
772 1363 855 1454 τύχα
888 1362 1238 1455 εὐτροσωνιοκοίτᾳω).
1289 1367 1341 1434 Sic
1373 1370 1461 1434 enim
1494 1393 1565 1436 cum

255 1475 444 1542 Hermanno
468 1476 640 1562 legendum
665 1497 735 1540 esse
760 1475 910 1540 existimo
922 1473 968 1560 16).
1016 1475 1159 1560 Utraque
1182 1475 1355 1540 translatio
1380 1500 1566 1562 quanquam

256 1581 341 1646 haud
371 1582 464 1648 dubie
493 1605 510 1647 e
539 1582 683 1665 mythice
711 1582 858 1646 manavit
886 1583 1052 1665 opinione,
1084 1584 1117 1646 in
1147 1583 1252 1666 priore
1280 1587 1390 1647 tamen
1418 1587 1566 1668 exemplo

257 1690 470 1756 conformatio
495 1695 581 1754 recte
605 1689 760 1774 cernitur,
784 1710 856 1753 cum
881 1683 995 1764 Acuca
1018 1689 1077 1754 dee
1101 1689 1185 1772 apud
1210 1688 1408 1770 Aeschylum
1431 1713 1497 1758 non
1521 1693 1567 1756 in-

258 1797 412 1860 veniatur.

346 1901 450 1967 Multo
474 1903 603 1967 uberior
627 1903 721 1986 copia
741 1903 836 1968 obvia
859 1906 908 1966 est
932 1923 1042 1966 earum
1061 1903 1255 1988 imaginum,
1280 1905 1396 1988 quibus
1417 1904 1566 1989 singulae

257 2010 351 2074 faciei
376 2013 485 2092 partes
513 2010 567 2093 iis,
596 2031 678 2093 quae
702 2009 769 2073 vita
793 2013 916 2086 carent,
945 2009 1182 2093 impertiuntur.
1229 2011 1336 2094 Atque
1364 2012 1454 2075 frons
1479 2033 1566 2075 exer-

257 2118 334 2182 citui
363 2118 457 2181 datur
484 2117 570 2181 Pers.
599 2139 627 2182 v.
652 2117 729 2182 720:
763 2117 906 2180 διπλοῦν
934 2114 1086 2199 μέτωπον
1115 2105 1158 2200 ἦν
1188 2119 1286 2182 δυοῖν
1315 2113 1567 2201 στρατημοέτοιν.

257 2223 318 2288 Sed
349 2223 429 2288 haec
456 2223 660 2306 metaphora,
688 2245 751 2307 qua
775 2222 976 2306 Thucydides
1003 2223 1186 2307 Xenophon
1211 2224 1265 2287 alii
1290 2246 1416 2308 quoque
1441 2225 1567 2289 solutae

257 2330 415 2396 orationis
443 2332 617 2413 scriptores
647 2333 789 2412 utuntur,
820 2351 979 2414 quamque
1009 2351 1025 2392 e
1054 2331 1165 2414 lingua
1193 2329 1437 2414 Francogallica
1468 2333 1567 2396 etiam

257 2439 290 2501 in
310 2441 457 2502 nostram
475 2437 645 2501 transiisse
665 2436 873 2500 notissimum
892 2441 942 2500 est
962 2434 1139 2522 („front“),
1161 2437 1286 2500 nullam
1301 2437 1567 2503 conformationis

257 2544 323 2608 vim
346 2566 506 2627 servasse,
532 2565 641 2607 verum
665 2566 794 2627 prorsus
818 2545 852 2607 in
876 2544 1069 2608 cotidianam
1094 2543 1359 2607 consuetudinem
1380 2543 1498 2608 abiisse
1521 2544 1566 2608 vi·

258 2651 358 2714 detur.
385 2687 422 2696 —-
450 2651 595 2735 Imagine
619 2651 831 2715 audacissima
855 2651 910 2714 illa
934 2649 1075 2735 quidem,
1104 2651 1159 2714 sed
1183 2649 1400 2733 pulcherrima
1424 2648 1566 2715 Caucaso

257 2758 361 2820 monti
387 2756 563 2839 Aeschylus
591 2762 739 2839 tempora
767 2756 901 2820 ascribit
924 2756 1029 2821 Prom.
1054 2780 1082 2822 v.
1109 2757 1171 2820 719
1195 2779 1277 2841 sqq:
1305 2755 1386 2840 πρὶν
1414 2750 1457 2822 ἂν
1485 2752 1568 2843 πρὸς

257 2859 361 2928 αὐτὸν
385 2859 569 2929 Καύκασον
593 2860 711 2949 μόλῃς,
736 2858 827 2948 ὀρῶν
843 2858 1018 2946 Ὕψιστον,
1044 2865 1128 2927 ἔνθα
1152 2859 1299 2946 ποταμὸς
1322 2863 1451 2950 ἐκφυσᾷ
1469 2849 1568 2948 μένος

258 2967 450 3054 Κροτάφων
483 2965 538 3035 ἆτ’
570 2964 690 3036 αὐτῶν.
741 2970 888 3054 Apparet
920 2993 992 3034 eum
1024 2970 1086 3034 hoe
1119 2992 1246 3053 quoque
1279 2971 1350 3034 loco
1383 2972 1568 3054 opinionem

258 3078 427 3160 vulgarem
460 3099 529 3142 esse
558 3081 721 3161 secutum,
750 3100 788 3140 ex
816 3099 879 3161 qua
907 3080 1033 3141 montes
1062 3076 1154 3160 quasi
1183 3075 1340 3161 Gigantes
1369 3078 1482 3142 crediti
1514 3076 1567 3141 Gi-

258 3187 376 3269 ganteo
396 3207 530 3268 corpore
554 3185 692 3267 praediti
707 3181 1002 3269 effingebanturll).
1025 3219 1062 3228 -
1085 3184 1188 3247 Aures
1213 3185 1303 3266 ipsae
1326 3185 1464 3268 figurate
1484 3184 1568 3267 apud

258 3295 408 3356 nostrum
423 3313 487 3355 non
505 3290 710 3374 adhibentur3
731 3314 845 3356 sensus
865 3315 939 3356 vero
960 3291 1109 3356 audiendi
1123 3297 1156 3354 et
1178 3291 1218 3354 ad
1238 3313 1289 3355 res
1304 3291 1464 3356 inanimes
1481 3295 1513 3354 et
1528 3291 1568 3356 ad

170 3484 176 3490 .
257 3399 407 3462 notiones
433 3398 550 3462 mentis
574 3399 767 3462 transfertur
786 3399 873 3463 hisce
892 3399 988 3463 locis:
1012 3397 1154 3481 Ohoeph.
1170 3421 1198 3462 v.
1214 3399 1278 3462 722
1294 3419 1376 3481 sqq:
1401 3387 1428 3461 oi
1447 3394 1568 3463 πότνια

258 3501 353 3588 χθὼν
375 3503 430 3568 καὶ
454 3499 563 3569 πότνι’
590 3499 671 3588 ἀκτὴ
697 3501 871 3588 Χώματος,
898 3500 919 3589 ἢ
943 3508 1007 3570 νῦν
1037 3503 1088 3570 ἐπὶ
1112 3500 1270 3590 ναυάρχῳ
1293 3500 1431 3588 Σώματι
1458 3516 1566 3569 κεῖσαι

257 3612 302 3698 τῷ
331 3615 502 3698 βασιλείῳ,
532 3612 610 3675 Νῦν
640 3609 827 3677 ἐπάκουσον
851 3667 857 3679 .
882 3664 889 3679 .
914 3667 920 3678 .
949 3611 1032 3678 Sunt
1059 3615 1167 3676 autern
1195 3613 1295 3676 verba
1323 3611 1412 3676 chori
1442 3634 1569 3676 summa

259 3740 331 3782 cum
356 3718 455 3781 animi
479 3719 694 3783 concitatione
718 3719 836 3783 Terrae
856 3720 1174 3804 Agamemnonisque
1199 3719 1315 3783 tumuli
1338 3719 1433 3783 fidem
1456 3719 1569 3800 implo-

258 3826 374 3908 rantiS,
402 3829 438 3888 ut
462 3826 610 3890 Orestem
633 3826 736 3909 patris
761 3826 920 3891 vindicem
945 3827 985 3890 ad
1008 3825 1187 3890 necandam
1211 3829 1348 3890 matrem
1372 3825 1491 3889 auxilio
1516 3825 1568 3889 ad-

259 3932 378 3995 iuvent.
405 3966 442 3977 —-
469 3930 611 4015 Choeph.
636 3916 664 3996 v.
689 3933 767 3997 399:
791 3933 888 3998 κλῦτε
913 3929 950 3997 δὲ
974 3933 1022 3997 lbi
1047 3934 1197 4016 χθονίων
1220 3955 1255 3996 τε
1278 3935 1378 4015 τιμαί.

347 4037 520 4130 Permultis
544 4040 624 4104 locis
650 4044 682 4102 et
705 4062 756 4121 ea,
781 4062 863 4123 quae
883 4044 1057 4104 cernuntur
1077 4042 1109 4104 et
1128 4061 1177 4123 ea,
1202 4062 1284 4124 quae
1305 4039 1393 4103 cerni
1412 4060 1569 4122 nonpos-

258 4148 347 4227 sunt,
371 4146 472 4209 oculis
496 4150 704 4229 exornantur,
731 4147 849 4231 quippe
865 4148 928 4231 qui
952 4147 1091 4210 maxime
1116 4146 1181 4210 oris
1205 4146 1377 4229 vultusque
1401 4145 1568 4230 ingenium

259 4252 450 4335 exprimant.
491 4251 538 4316 Ut
561 4273 714 4337 magnam
739 4253 925 4319 huiusmodi
944 4253 1196 4334 translationum
1220 4251 1347 4334 copiam
1371 4252 1406 4315 in
1426 4251 1568 4315 ordinem

259 4359 418 4443 quendam
442 4357 639 4443 redigamus,
669 4361 709 4423 ab
738 4359 778 4424 iis
802 4360 896 4424 rebus
920 4359 1130 4443 incipiamus,
1158 4380 1239 4441 quae
1267 4359 1302 4421 in
1326 4358 1415 4422 caelo
1439 4379 1568 4422 versan-

258 4470 324 4549 tur,
349 4465 463 4529 deinde
487 4486 540 4528 eas
564 4467 802 4550 perquiramus,
825 4489 907 4549 quae
931 4467 964 4529 in
989 4468 1244 4558 terra’exstant,
1268 4465 1334 4528 sive
1353 4467 1471 4529 natura
1495 4469 1570 4529 sunt

259 4574 325 4637 sive
350 4576 418 4636 arte
442 4595 601 4656 manuque
620 4573 788 4637 hominum
813 4575 953 4658 effectae,
976 4577 1141 4656 postremo
1160 4594 1198 4636 ea
1216 4572 1463 4655 perlustremus,
1487 4595 1568 4655 quae

201 4763 204 4768 1
259 4702 324 4743 non
347 4679 381 4742 in
406 4683 615 4763 conspectum
638 4679 765 4744 cadunt.
802 4680 850 4744 Ae
868 4682 1010 4765 primum
1031 4682 1115 4745 inter
1138 4702 1189 4743 res
1208 4680 1362 4744 caelestes
1387 4679 1436 4742 sol
1457 4680 1569 4743 oculos

260 4787 352 4870 quasi
375 4787 488 4871 igneos
512 4786 612 4850 habet
635 4787 750 4870 fragm.
770 4789 844 4872 304,
868 4789 965 4871 leq:
990 4787 1026 4852 ἐν
1051 4781 1081 4850 δ’
1104 4781 1198 4871 ἥλιος
1220 4780 1379 4872 supanis
1402 4781 1571 4869 ἐκλάμψας

259 4891 359 4975 χθονὶ
387 4891 483 4976 Τήκει
506 4895 668 4978 πετραίαν
690 4892 796 4978 χιόνα.
837 4895 1007 4958 Praeterea
1032 4893 1094 4957 huc
1122 4893 1265 4977 pertinet
1293 4892 1409 4976 fragm.
1431 4892 1507 4956 169:
1530 4885 1571 4967 ἃς
