3610 5542
809 338 1021 402 ,14-

260 493 428 580 δτόμασιν,
455 490 572 561 τόνδ’
600 495 774 580 ἐναίσιμον
797 498 867 562 τίει.
913 494 1012 561 Recte
1041 496 1126 560 enirn
1155 517 1227 560 mea
1256 496 1384 580 quidem
1408 502 1571 565 sententia

259 602 370 668 Hense
394 601 710 688 (personificiereude
734 603 892 668 adiectiva
920 607 978 668 etc.
1002 627 1032 688 p.
1057 600 1092 688 8)
1120 603 1247 668 monuit
1273 603 1354 669 illud
1382 601 1503 690 λάμπει
1530 608 1571 671 ad

259 710 369 775 oculos
397 709 546 775 Iustitiae
575 731 645 774 esse
673 707 931 794 referendum²⁴).
957 745 993 756 —
1021 707 1164 793 Choeph.
1186 733 1216 774 v.
1241 709 1297 774 61:
1330 708 1416 796 ῥοπὴ
1446 707 1477 777 δ’
1504 712 1571 778 ἐπι-

259 826 375 880 σκοπεῖ
403 818 510 893 Δίκας
540 827 653 901 ταχεῖα
685 811 764 893 τοὺς
796 813 858 900 μὲν
891 815 927 880 ἐν
960 812 1047 900 φάει.
1094 815 1223 900 Optime
1256 821 1344 882 certe
1374 818 1571 906 Dindorfius,

259 945 330 987 cum
356 945 467 988 omnes
491 923 557 988 fere
581 923 720 988 editores
749 922 940 988 minusculis
964 923 1059 998 δίκας
1082 922 1285 1006 scripserint,
1313 925 1347 988 in
1372 925 1569 992 editionibus

259 1029 361 1095 Onon.
376 1035 409 1094 et
422 1030 509 1114 Lips.
531 1031 615 1096 1869
636 1031 730 1094 editis
749 1029 937 1094 maiusculis
960 1051 1038 1094 usus
1062 1031 1124 1111 est3
1147 1049 1251 1114 neque
1275 1051 1351 1095 vero
1375 1032 1410 1096 in
1430 1033 1571 1102 editione

258 1137 345 1221 Lips.
372 1138 456 1202 1873
485 1137 570 1202 edita
599 1137 680 1202 alios
712 1140 838 1202 secutus
871 1137 966 1212 δίκας
993 1135 1143 1200 exhibere
1178 1135 1324 1202 debebat.
1352 1175 1396 1184 -
1424 1139 1570 1216 Quocum

258 1245 330 1309 loco
353 1244 535 1329 comparari
559 1247 667 1328 potest
691 1247 724 1308 et
744 1241 1060 1328 Βομρ1.ν.,359οο.ε
1085 1243 1191 1306 ίδοιτο
1216 1236 1288 1326 δῆτ’
1310 1238 1437 1311 άνατον
1456 1242 1570 1330 φυγάν

253 1344 374 1415 Ἱκεσιά
397 1349 498 1434 Θέμις
522 1346 607 1426 Διὸς
629 1353 770 1433 κλαρίου
793 1401 800 1414 .
825 1401 830 1414 .
855 1347 925 1432 ‚²5),
955 1351 988 1414 et
1009 1348 1097 1414 Pers.
1120 1373 1149 1414 v.
1176 1349 1276 1414 1006:
1306 1340 1381 1416 οἷον
1410 1351 1569 1438 δέδορκεν

250 1452 340 1522 ”Ara
360 1495 397 1503 -
422 1457 599 1541 Mythicam
624 1457 784 1520 rationem
808 1457 888 1521 hacc
911 1477 1038 1540 quoque
1062 1455 1278 1521 audacissima
1296 1458 1405 1544 imago
1424 1464 1568 1545 spectare

259 1563 397 1647 videtur,
429 1586 493 1649 qua
518 1563 675 1628 'Eteocles
709 1564 809 1629 choro
841 1562 1016 1646 respondet
1052 1564 1154 1646 patris
1187 1565 1442 1632 exsecrationem
1475 1569 1568 1634 siccis

259 1672 359 1735 oculis
380 1671 442 1736 sibi
462 1671 597 1755 instare,
619 1675 657 1736 ut
674 1693 748 1735 cum
766 1669 917 1754 Polynice
937 1669 1035 1734 fratre
1054 1668 1231 1754 depugnet:
1254 1673 1357 1753 φίλου
1375 1668 1441 1757 γὰρ
1461 1672 1566 1760 ἐχθρά

258 1800 315 1861 μοι
338 1772 462 1862 πατρὸς
484 1774 613 1842 τάλαιν’
640 1772 705 1862 άρδι
730 1777 853 1862 Ξηροῑς
875 1771 1053 1852 ἀκλαύτοις
1076 1769 1223 1858 ὄμμασιν
1252 1775 1441 1858 προσιζάνει
1467 1777 1567 1866 (Sept.

257 1908 286 1948 v.
311 1883 376 1948 695
391 1881 485 1970 sqq.).
501 1934 507 1948 .
522 1934 552 1949 ..
576 1881 661 1948 Nam
684 1905 868 1968 quanquam
891 1882 953 1946 hoc
976 1882 1010 1945 iu
1033 1883 1105 1947 loco
1129 1904 1164 1945 re
1188 1903 1264 1946 vera
1293 1886 1420 1968 poetica
1444 1888 1568 1952 confor-

256 1991 356 2054 matio
380 1991 465 2054 inest
488 1988 542 2074 (cf.
562 1989 706 2074 Choeph.
729 2013 757 2054 v.
777 1989 872 2074 406),
895 1988 983 2054 haud
1006 2009 1079 2053 raro
1103 1992 1213 2052 tamen
1236 1994 1269 2054 et
1293 1981 1379 2075 apud
1402 1992 1482 2056 alios
1503 1997 1568 2059 tra-

257 2095 350 2182 gicos
374 2102 406 2161 et
435 2098 519 2182 apud
539 2097 739 2181 Aeschylum
766 2092 842 2180 Ἀρά
867 2097 886 2160 i.
908 2118 933 2159 e.
958 2095 1037 2160 Dira
1060 2095 1232 2159 invenitur.
1257 2133 1297 2142 —
1323 2096 1467 2173 Quacum
1491 2123 1566 2166 con·

258 2204 461 2269 formationis
481 2205 613 2268 audacia
633 2207 759 2268 certant
777 2224 843 2284 eae,
866 2202 981 2288 quibus
996 2200 1222 2265 vaticinationi
1244 2206 1276 2266 et
1290 2205 1566 2271 commiserationi

257 2312 367 2375 oculos
391 2313 502 2375 noster
526 2310 596 2374 dat:
625 2311 686 2394 Ag.
709 2332 738 2373 v.
764 2311 849 2374 1178
865 2331 923 2393 sq.:
948 2357 955 2372 .
980 2357 986 2372 .
1010 2359 1016 2371 .
1042 2301 1059 2372 ὁ
1084 2304 1230 2392 χρησμὸς
1254 2304 1361 2374 οὐκέτ’
1389 2310 1423 2375 ἐκ
1446 2301 1566 2397 καλυμ-

256 2415 369 2502 μάτων
383 2413 500 2482 Ἔσται
520 2415 711 2501 δεδορκώς.
732 2466 738 2480 .
759 2468 766 2482 .
786 2414 839 2498 (cf.
858 2413 938 2502 θλ).
959 2451 1002 2461 -
1022 2411 1132 2496 Suppl.
1151 2437 1179 2480 v.
1194 2416 1274 2480 486:
1298 2409 1406 2494 οἶκτος
1429 2416 1566 2484 είσιδιδν

256 2521 344 2590 τάδε.
367 2561 404 2571 -
428 2523 523 2607 Spem
543 2528 640 2607 poeta
660 2545 787 2588 caecam
812 2523 958 2607 depingit
972 2521 1078 2584 Prom.
1093 2543 1122 2583 v.
1138 2521 1216 2586 250:
1239 2517 1367 2606 τυφλὰς
1391 2523 1427 2588 ἐν
1452 2521 1566 2604 αὐτοῖς

256 2630 390 2708 ἐλπίδας
413 2627 594 2720 κατῴκισα,
623 2651 704 2714 quae
733 2629 862 2712 quidem
890 2629 1000 2713 imago
1029 2630 1198 2692 attenuata
1227 2650 1296 2692 esse
1324 2629 1463 2714 videtur,
1491 2656 1564 2697 cum

256 2739 429 2821 scriptores
454 2761 548 2821 saepe
571 2758 648 2801 voce
677 2731 804 2818 τυφλός
832 2735 982 2798 similiter
1009 2739 1106 2818 atque
1129 2730 1312 2819 ἐπάρμεμος
1341 2734 1395 2821 (cf.
1421 2735 1565 2823 Choeph.

255 2867 284 2910 v.
308 2846 385 2910 666:
414 2842 618 2929 ἐπαργέμους
640 2838 762 2926 λόγους
785 2843 804 2908 i.
829 2864 854 2905 e.
878 2842 976 2906 verba
1005 2862 1162 2924 suspensa
1191 2846 1223 2905 et
1251 2841 1401 2930 obscura)
1431 2849 1565 2910 utantur

254 2973 312 3035 pro
342 2951 493 3035 obscuro,
521 2951 657 3031 incerto,
686 2949 792 3013 dubio.
823 2987 864 2995 -
893 2948 1041 3032 Denique
1060 2948 1132 3031 *ipsi
1166 2950 1266 3012 menti
1295 2953 1451 3035 tanquam
1481 2952 1564 3016 oculi

168 3099 170 3104 ·
254 3059 481 3142 impertiuntur
509 3058 601 3121 Eum.
626 3081 655 3120 v.
681 3058 756 3120 104:
790 3052 881 3141 φρὴν
910 3050 1057 3140 όμμασιν
1085 3051 1319 3138 λαμπρύνεται.
1349 3093 1390 3101 -
1420 3055 1563 3142 Ohoeph.

255 3189 283 3230 v.
309 3165 386 3230 854:
410 3160 504 3228 οὔτοι
528 3157 624 3247 φρέν’
651 3156 695 3227 clv
718 3156 1145 3246 κλέψειενοίμματομένην.

344 3272 503 3348 Quoniam
527 3270 685 3354 imagines
715 3270 823 3334 oculos
852 3291 909 3351 per
936 3269 1182 3333 translationem
1212 3269 1400 3335 exhibentes
1427 3274 1561 3355 protuli-

254 3401 338 3461 mus,
361 3401 445 3442 nunc
469 3378 507 3441 ad
532 3399 586 3441 eas
608 3376 816 3460 metaphoras
840 3378 1056 3459 pervenimus,
1081 3375 1196 3460 quibus
1216 3375 1395 3460 Aeschylus
1420 3378 1562 3443 hominis

256 3510 291 3551 os
315 3488 365 3551 vel
388 3486 534 3569 linguam
559 3484 697 3568 figurate
721 3483 838 3566 posuit.
882 3482 989 3568 Atque
1013 3483 1280 3547 conformationis
1302 3484 1351 3547 vis
1376 3484 1452 3548 licet
1474 3507 1562 3568 pror-

255 3617 308 3657 sus
334 3593 492 3657 exstincta
521 3592 563 3655 sit
589 3591 624 3654 in
653 3591 693 3655 iis
722 3590 889 3673 exemplis,
918 3590 1033 3673 quibus
1064 3611 1102 3652 ex
1131 3589 1341 3654 similitudine
1364 3590 1488 3654 flumini
1513 3593 1563 3655 vel

253 3701 335 3764 mari
364 3697 514 3784 στόμαδθ)
542 3699 709 3781 tribuitur,
740 3702 851 3761 tamen
881 3718 948 3760 non
976 3696 1071 3778 plane
1100 3719 1168 3760 csse
1197 3697 1375 3761 omittenda
1405 3697 1561 3762 videntur.

253 3807 323 3871 Nili
346 3808 446 3893 igitur
469 3803 574 3891 στόμα
597 3808 617 3871 i.
641 3828 666 3870 e.
691 3806 810 3869 ostium
834 3807 1105 3869 commemoratur
1128 3804 1236 3869 Prom.
1256 3827 1284 3867 v.
1300 3805 1373 3869 847.
1399 3841 1439 3850 -
1465 3804 1558 3869 Simi-

253 3915 329 3978 liter
353 3915 439 3978 Pers.
462 3937 489 3980 v.
515 3915 592 3979 876:
617 3909 774 3997 στόμωμα
798 3907 925 3976 πόντου
948 3912 966 3975 i.
992 3933 1016 3974 e.
1040 3910 1220 3994 Bosporus,
1245 3914 1280 3974 ut
1304 3911 1443 3994 explicat
1467 3911 1562 3976 scho-

254 4021 363 4085 liasta:
393 4008 491 4097 οὗτος
519 4018 583 4104 γὰρ
613 4016 718 4102 στόμα
745 4015 871 4083 πόντου
894 4016 1030 4100 λέγεται.
1054 4055 1097 4062 -
1121 4016 1169 4083 Of.
1193 4016 1337 4101 Ohoeph.
1361 4040 1389 4082 v.
1414 4019 1478 4082 806
1508 4016 1561 4105 (de

253 4149 306 4192 ore
336 4125 529 4214 speluncae).
560 4164 598 4173 -—
629 4124 753 4190 Deinde
782 4126 953 4190 obscurata
981 4146 1018 4188 ea
1051 4146 1176 4208 quoque
1208 4124 1333 4188 videtui
1361 4125 1561 4210 metaphora,

253 4257 334 4318 quae
353 4235 468 4320 fragm.
486 4234 547 4297 107
569 4236 687 4318 exstat,
710 4233 767 4295 ubi
791 4233 966 4315 amphorae
988 4235 1161 4314 angustum
1186 4254 1222 4295 os
1242 4226 1426 4295 ascribitur:
1451 4229 1561 4297 στενό-

253 4338 423 4426 στομονῖλ)
451 4335 488 4404 τὸ
517 4341 642 4424 τεῦχος.
673 4376 710 4384 -
741 4336 834 4403 Certe
866 4361 942 4402 vero
976 4337 1243 4402 conformationis
1276 4338 1324 4402 vis
1356 4343 1483 4403 servata
1512 4342 1562 4403 est

252 4449 339 4513 Pers,
365 4471 391 4513 v.
411 4447 489 4531 415,
513 4448 568 4511 ubi
593 4449 697 4510 rostra
721 4468 777 4510 ora
801 4446 892 4529 quasi
916 4468 1016 4509 aenea
1038 4445 1174 4509 habent:
1200 4441 1440 4529 χαλκοστόμοις
1464 4441 1561 4528 ἐμβό-

180 4621 182 4626 ,
252 4552 375 4640 roam).
398 4592 430 4601 -
456 4555 558 4619 Porro
582 4554 690 4617 nescio
716 4575 759 4616 an
781 4553 844 4617 huc
867 4553 964 4616 etiam
983 4552 1143 4636 pertineat
1166 4553 1280 4637 fragm.
1296 4553 1370 4635 248,
1394 4552 1449 4616 ubi
1467 4552 1560 4617 ulcus

252 4663 285 4725 in
308 4662 508 4726 Philoctetae
530 4661 610 4745 pede
635 4660 792 4743 serpentis
812 4681 921 4724 morsu
942 4663 1061 4742 ortum,
1085 4683 1156 4724 cum
1177 4659 1216 4723 ad
1236 4659 1300 4723 oris
1316 4658 1560 4723 similitudinem

251 4770 447 4853 promineat,
480 4770 525 4832 sic
558 4767 763 4831 describitur:
797 4764 913 4850 δεινὴν
946 4761 1117 4849 στομωτόυ
1151 4769 1291 4850 ἔκφυσιν
1324 4761 1484 4853 ποδός29).
1517 4804 1559 4814 -

251 4875 397 4959 Denique
424 4898 466 4938 ne
495 4875 570 4958 quid
600 4878 763 4959 omittam,
791 4875 889 4937 verbo
917 4874 1080 4958 attigerim
1111 4897 1163 4938 eas
1191 4873 1414 4957 metaphoras,
1443 4875 1560 4957 quibus
