3610 5542
751 409 969 472 -27-

301 569 546 656 Subsequuntur
569 589 689 653 paucae
713 567 921 652 metaphorae
945 593 964 633 a
987 569 1072 634 fame
1096 568 1225 652 petitae.
1249 603 1290 614 —
1314 565 1391 650 Ipsa
1413 566 1515 630 fames

212 675 367 741 adiectivo
391 678 505 760 νῆστις
523 677 707 740 illustratur
726 673 869 758 Choeph.
894 699 921 740 v.
936 677 1015 740 250:
1038 671 1118 752 τοὺς
1139 669 1170 739 δ’
1192 671 1516 759 ἀπωρφανισμένους

210 784 325 866 νῆστις
347 782 446 861 πιέζει
470 779 579 866 λιμός,
603 801 740 867 quocum
764 783 835 848 loco
855 782 964 848 Hense
983 785 1003 849 l.
1017 785 1037 847 l.
1051 806 1082 866 p.
1098 784 1162 847 239
1186 783 1274 846 haud
1296 783 1405 866 inepte
1430 802 1513 844 oom-

210 893 305 973 parat
327 889 417 956 Ovid.
432 890 561 955 Metam.
577 892 610 974 8,
636 891 713 954 793:
736 889 852 975 Frigus
875 890 962 954 iners
986 890 1055 954 illic
1077 890 1229 954 habitant
1248 889 1420 973 Pallorque
1439 887 1515 950 Tre-

173 1078 177 1084 ·
211 1019 344 1082 morque
364 1000 396 1061 et
414 998 522 1062 ieiuna
540 997 665 1062 Fames,
701 996 814 1080 Neque
833 997 956 1080 dubito,
975 997 1053 1080 quin
1072 1017 1183 1060 verum
1199 995 1313 1060 viderit
1332 995 1380 1059 vir
1394 995 1517 1078 doctus,

211 1126 283 1168 cum
302 1104 441 1188 Papium
460 1105 657 1169 Passowium
677 1103 880 1168 Dindorfium
903 1103 981 1190 (vid.
999 1101 1073 1190 lex.)
1097 1103 1181 1168 falso
1206 1103 1292 1167 huno
1316 1103 1423 1168 locum
1443 1123 1516 1166 eon·
1535 1137 1541 1150 ·

213 1211 347 1275 vertisse
375 1211 469 1279 dicat.
518 1210 572 1274 Illi
599 1211 684 1276 enim
717 1212 788 1275 voci
809 1211 931 1294 νῆστις
959 1233 1089 1276 sensum
1122 1191 1264 1275 actirum
1293 1210 1423 1274 subesse
1453 1212 1516 1272 sta-

211 1320 339 1382 tuentes
357 1319 611 1400 interpretantur
633 1317 771 1401 „famem
797 1317 967 1382 efficiens“.
1009 1316 1295 1382 Verumenimvero
1319 1315 1391 1399 ipsa
1413 1314 1516 1379 fames

213 1425 304 1508 quasi
327 1446 467 1510 persona
491 1446 590 1509 eaque
613 1425 723 1488 ieiuna
745 1423 961 1488 introducitur
984 1423 1039 1511 (ef,
1062 1423 1125 1508 Ag.
1148 1446 1176 1489 v.
1199 1424 1282 1488 1641
1309 1419 1378 1508 sq).
1405 1459 1442 1468 -
1469 1420 1516 1486 Si·

211 1532 280 1596 mili
307 1532 434 1596 ratione
463 1554 521 1616 per
544 1531 773 1615 metonymiam
802 1531 956 1615 explicari
984 1553 1080 1615 posse
1104 1514 1255 1596 videntur
1277 1529 1341 1614 Ag.
1368 1529 1517 1594 v.1017:

211 1638 329 1721 νῆστιν
352 1637 481 1718 νόσον.;
510 1639 587 1704 ibid.
614 1661 642 1701 v.
668 1639 767 1702 1621:
803 1634 958 1721 νήστιδες
980 1633 1060 1702 δόαι
1089 1635 1167 1722 (rid.
1194 1639 1255 1702 lex.
1279 1636 1395 1701 Aesch.
1420 1635 1518 1700 Dind.

211 1769 235 1809 s.
246 1768 275 1810 r.
284 1745 423 1832 νῆστις).
442 1783 478 1791 -
496 1745 621 1810 Deinde
636 1745 838 1810 calamitates
853 1746 924 1809 cibo
941 1746 1031 1829 quasi
1047 1746 1178 1809 aluntur
1195 1744 1307 1828 Suppl.
1321 1766 1348 1808 v.
1364 1745 1517 1828 618sqq.:

212 1847 343 1929 ξενικὸν
367 1847 505 1916 ἀστικόν
528 1845 565 1915 θ’
592 1847 660 1935 ἀμα
685 1851 803 1934 Λέγων
828 1847 969 1916 διπλοῦν
993 1853 1120 1935 μίασμα
1148 1845 1231 1936 πρὸς
1253 1847 1382 1927 πόλεως
1409 1846 1516 1932 φανέν

209 1953 396 2043 Ἀμηχάνον
419 1955 572 2042 βόσκημα
594 1961 747 2043 πημονῆς
769 1958 890 2024 πέλειν.
928 1958 1052 2034 Quibus
1075 1958 1208 2023 Danaus
1232 1956 1362 2022 filiabus
1386 1958 1517 2022 nuntiat

213 2065 352 2151 Argivos
385 2066 473 2149 ipsas
502 2068 570 2129 tam
597 2065 751 2130 benevole
779 2088 850 2130 esse
883 2070 1085 2150 excepturos,
1118 2069 1155 2128 ut
1185 2064 1307 2129 nemini
1339 2063 1518 2146 hospitium

215 2173 334 2236 violare
353 2173 458 2256 liceat,
476 2173 541 2236 nisi
560 2172 608 2236 ira
627 2173 713 2239 Iovis
734 2173 894 2257 supplices
913 2173 1035 2237 tuentis
1055 2176 1145 2237 mota
1165 2171 1412 2255 calamitatibus,
1436 2192 1517 2255 quae

211 2278 285 2342 inde
303 2279 338 2343 in
356 2280 469 2344 urbem
487 2279 679 2364 irrumpant,
702 2279 936 2345 nutrimentum
956 2280 1109 2362 praebere
1124 2279 1210 2344 velit.
1228 2313 1264 2324 -
1283 2277 1452 2342 Postremo
1471 2277 1518 2340 in·

212 2387 372 2451 satiabilis
401 2391 533 2451 vocatur
565 2390 598 2450 et
625 2387 755 2451 miseria
783 2387 844 2472 Ag.
873 2410 901 2451 v.
926 2387 1004 2451 756:
1037 2381 1220 2471 ἀκόρεστον
1250 2381 1344 2463 οἰζύν
1378 2381 1432 2470 (of.
1456 2385 1518 2468 Ag.

211 2516 239 2558 v.
266 2493 375 2580 1484),
399 2499 432 2559 et
454 2494 626 2559 Discordia
649 2494 726 2560 ibid.
749 2516 778 2559 v.
803 2495 902 2559 1117:
936 2489 1062 2570 Στάσις
1084 2487 1115 2557 δ’
1142 2487 1365 2577 ἀκόρετος...
1389 2491 1518 2556 Numen

156 2621 159 2626 ·
212 2601 298 2664 enim
321 2601 383 2664 hoc
406 2601 477 2665 loeo
501 2599 707 2665 Discordiam
735 2622 806 2664 esse
836 2600 1055 2684 accipiendam
1079 2599 1276 2665 Klausenius
1300 2599 1393 2681 vidit,
1423 2619 1518 2683 quem

212 2707 349 2771 Weilius
368 2705 508 2772 Keokius
527 2707 676 2792 Engerus
696 2706 888 2792 Hartungus
907 2707 1087 2772 Ahrensius
1112 2707 1212 2772 secuti
1237 2710 1321 2790 sunt,
1346 2728 1419 2771 oum
1437 2703 1518 2768 Her-

212 2835 350 2880 mannus
379 2815 411 2877 et
438 2813 624 2878 Dindorfius
653 2813 842 2878 minusculis
876 2809 989 2890 στάσις
1018 2813 1171 2879 scribant.
1218 2812 1303 2878 Nam
1332 2835 1517 2897 quanquam

212 2917 338 2997 Στάσις
366 2921 425 2984 dea
453 2921 537 3004 apud
565 2921 645 2986 alios
675 2922 848 3005 scriptores
876 2943 942 2987 non
970 2921 1144 3003 reperitur,
1177 2924 1262 2984 certe
1290 2924 1399 2984 tamen
1427 2919 1515 2984 illam

214 3028 325 3093 eadem
347 3025 413 3092 fere
437 3028 562 3092 ratione
582 3030 678 3112 atque
693 3023 837 3115 'Dprv⁵⁴)
862 3028 955 3111 quasi
978 3027 1047 3092 vita
1064 3027 1195 3091 induere
1218 3026 1343 3091 fervido
1363 3025 1519 3110 Aeschyli

212 3135 344 3220 ingenio
368 3135 473 3219 licuit,
501 3137 691 3219 praesertim
719 3157 791 3201 oum
820 3135 917 3200 verba
944 3135 1001 3198 illa
1024 3133 1223 3199 Cassandrae
1252 3133 1330 3214 sint,
1359 3155 1454 3218 quae,
1482 3136 1520 3196 ut

212 3246 324 3306 vatum
356 3241 522 3325 proprium
555 3242 693 3328 videtur,
726 3241 923 3328 imaginibus
956 3245 992 3306 ut
1024 3239 1170 3307 obscuris
1203 3240 1249 3304 ita
1286 3239 1520 3322 audacissimis,

214 3350 290 3434 quid
314 3350 401 3432 velit,
425 3347 626 3436 illustrat⁵⁵).

302 3457 478 3542 Pergamus
506 3456 571 3521 iarn
601 3456 641 3522 ad
668 3456 900 3522 translationes
934 3480 953 3520 a
981 3478 1095 3520 somno
1124 3455 1246 3520 ductas.
1293 3452 1383 3529 Quae
1409 3452 1456 3516 ita
1483 3452 1518 3516 in

214 3563 357 3628 ordinem
377 3585 447 3628 esse
471 3563 663 3650 digerendae
687 3563 768 3627 mihi
786 3563 950 3646 videntur,
974 3566 1011 3628 ut
1033 3585 1087 3627 eas
1107 3583 1348 3646 componamus,
1371 3560 1426 3624 ubi
1445 3581 1517 3625 con-

213 3674 301 3735 creta
323 3674 357 3735 et
380 3672 544 3737 abstracta
566 3673 617 3735 vel
642 3671 734 3756 quasi
758 3670 928 3754 sopiuntur
951 3670 1001 3735 vel
1026 3670 1190 3734 dormiunt
1212 3670 1263 3732 rel
1287 3690 1304 3732 e
1329 3688 1441 3733 somno
1466 3689 1517 3730 ex-

212 3778 354 3842 citantur
377 3778 427 3842 vel
449 3778 611 3843 insomnia
630 3778 838 3862 effinguntur.
876 3777 924 3841 Ac
947 3777 1052 3861 prima
1073 3778 1138 3840 iam
1161 3779 1181 3856 ξ
1205 3775 1419 3858 exposuimus,
1442 3796 1518 3859 quo·

212 3885 308 3949 modo
332 3885 476 3971 corporis
499 3885 634 3950 humani
658 3887 766 3968 partes
795 3885 846 3948 vel
870 3883 971 3968 sopiri
999 3882 1187 3966 (palbebrae
1211 3882 1295 3976 oculi
1319 3879 1445 3967 lingua)
1468 3883 1519 3945 vel

215 3993 353 4057 dormire
381 3991 529 4078 (sanguis
558 3989 711 4077 cadaverff
733 3991 903 4055 rideantur
931 3988 985 4076 (ct
1007 4014 1036 4075 p.
1058 3992 1097 4055 17
1119 4013 1166 4075 sq.
1189 3985 1334 4075 passim).
1351 4025 1403 4070 ¹-
1434 3987 1518 4054 Oon·

215 4099 339 4183 sopitur
359 4099 471 4164 deinde
490 4100 629 4182 flamma,
652 4121 726 4163 cum
745 4097 960 4182 exstinguitur
979 4096 1041 4183 Ag.
1059 4120 1088 4162 v.
1107 4097 1184 4161 597:
1208 4097 1388 4180 acepsimas
1407 4091 1517 4178 εὐώδη

213 4201 331 4290 φλόγα.
357 4243 397 4251 -
421 4204 495 4270 Huc
519 4207 617 4270 etiam
640 4205 801 4270 referendi
825 4208 900 4268 sunt
922 4205 985 4269 duo
1008 4205 1085 4288 loei,
1109 4205 1224 4289 quibus
1248 4198 1309 4286 ἀτη
1333 4203 1392 4266 illa
1415 4207 1448 4266 et
1470 4203 1518 4265 ira

213 4317 368 4397 tanquam
389 4313 576 4396 consopitae
596 4311 834 4377 deseribuntur:
859 4309 1002 4395 Choeph.
1025 4333 1054 4375 v.
1076 4310 1161 4375 1075
1176 4333 1236 4392 sq:
1264 4319 1325 4372 ποῖ
1344 4303 1518 4391 καταλήξει

214 4414 487 4502 Μετακοιμισθὲν
510 4417 610 4502 μένος
628 4414 723 4502 ἀτης;
743 4455 787 4465 —-
805 4417 899 4482 Eum.
922 4440 950 4482 v.
970 4418 1048 4482 832:
1071 4419 1171 4499 κοίμα
1193 4415 1351 4480 κελαινοῦ
1373 4411 1518 4497 κύματος

212 4521 333 4611 πικρὸν
357 4523 463 4609 μένος.
506 4524 610 4600 Quam
633 4526 811 4610 imaginem
839 4525 915 4609 quin
945 4525 1066 4588 amari
1089 4523 1213 4588 tumido
1241 4525 1339 4607 poeta
1362 4522 1518 4602 hauserit,

213 4635 283 4717 quia
313 4637 375 4717 est,
403 4633 458 4716 qui
486 4632 632 4697 dubitet?
659 4631 945 4696 —Pulcherrima
973 4632 1163 4715 metaphora
1191 4650 1278 4693 mare
1307 4628 1517 4712 tranquillum

214 4740 421 4824 quietumque
449 4738 541 4823 quasi
565 4738 783 4803 meridiationi
811 4761 845 4802 se
873 4738 962 4803 dedit
984 4736 1046 4824 Ag.
1073 4761 1102 4803 v.
1125 4737 1189 4802 565
1205 4758 1263 4819 sq:
1301 4723 1373 4799 εὖτε
1396 4729 1518 4811 πόντος

213 4845 250 4911 έν
278 4849 527 4940 μεσημβριναῖς
543 4843 684 4922 ’Κοίταις
711 4840 851 4929 ἀκύμων
878 4843 1035 4929 νηνέμοις
1064 4840 1157 4910 εὕδοι
1184 4839 1303 4908 πεσόν.
1330 4878 1366 4888 -
1393 4841 1517 4907 Eadem

212 4953 367 5038 pingendi
391 4953 516 5017 ratione
540 4955 635 5036 poeta
658 4975 734 5017 usus
759 4955 808 5016 est
832 4951 941 5035 Suppl.
965 4974 993 5016 v.
1018 4953 1096 5017 771:
1124 4944 1187 5016 κάν
1210 4939 1231 5036 ᾗ
1255 4945 1395 5034 γαλήνη,
1419 4945 1516 5036 νήνε-
