3610 5542
833 336 1049 400 -30..

284 519 312 560 v.
326 497 406 562 416:
429 503 553 582 είργειν
571 492 712 582 τεκούσῃ
736 493 835 582 μητρὶ
857 493 1018 581 πολέμιον
1037 490 1135 581 δόρυι
1158 517 1217 580 pro
1236 495 1355 561 Thebis
1378 496 1471 579 quasi
1489 499 1593 559 matre

284 601 488 687 Melanippus
518 608 719 689 pugnaturus
744 608 801 670 cst.
824 640 867 650 -
890 603 964 668 Huc
987 603 1086 670 eiued.
1109 599 1132 666 f.
1155 626 1185 670 v.
1203 602 1268 668 548
1300 625 1425 686 quoque
1453 601 1594 666 referen-

284 709 343 774 dus
368 713 431 774 eet:
466 709 618 795 μέτοικος
645 709 717 796 (int.
741 707 1016 796 Παρθενοπαῖος)
1031 704 1145 792 ’Ἀργει
1169 703 1202 773 δ’
1228 708 1367 774 ἐκτίνων
1390 704 1494 785 καλὰς
1518 732 1593 793 τρο

284 811 359 900 φάς.
405 815 669 902 Parthenopaeus
693 819 779 882 enim
803 818 919 902 Arcas,
942 817 997 901 qui
1019 820 1193 900 postquam
1217 816 1307 881 exsul
1330 814 1438 900 Argos
1462 837 1497 880 se
1520 837 1595 881 con·

283 923 360 988 tulit
391 923 501 1007 ibique
539 924 692 988 educatus
730 927 794 1012 est,
830 923 906 988 huic
937 923 1043 988 terra'e
1073 925 1230 1006 tanquam
1265 923 1361 988 matri
1393 922 1594 987 educationis

285 1031 462 1096 mercedem
486 1031 533 1097 ita
556 1031 718 1096 exsolvere
743 1029 861 1113 studet,
884 1033 921 1094 ut
944 1050 1016 1094 cum
1040 1029 1154 1094 ceteris
1172 1027 1303 1114 Argivis
1327 1032 1441 1094 contra
1464 1029 1593 1093 Thebas

284 1137 503 1203 decertaturus
531 1139 583 1204 sit.
629 1139 677 1202 At
703 1137 849 1221 dubium,
880 1158 959 1201 num
987 1157 1098 1200 versus
1127 1135 1202 1200 inde
1233 1157 1252 1200 a
1279 1159 1307 1202 v.
1331 1137 1396 1200 546
1424 1157 1525 1219 usque
1554 1136 1594 1198 ad

283 1267 312 1310 v.
336 1245 400 1308 549
430 1244 584 1328 Aeschyli
613 1244 688 1309 sint.
718 1281 758 1292 —-
788 1242 922 1328 Scythia
949 1265 1047 1328 porro
1074 1242 1161 1307 ferro
1190 1243 1359 1308 abundans
1387 1247 1491 1308 mater
1518 1243 1595 1307 ferri

284 1355 418 1417 vocatur
446 1351 552 1416 Prom.
580 1374 609 1416 v.
633 1352 711 1417 301:
748 1347 810 1435 τήν
839 1345 1087 1434 σιδηρομήτορα
1116 1348 1230 1414 ἐλθεῖν
1265 1349 1299 1426 ἐς
1326 1344 1413 1414 αἶαν.
1441 1387 1477 1397 -
1503 1349 1595 1414 Mare

284 1457 422 1542 piscium
441 1462 547 1522 mater
570 1461 619 1522 est
637 1455 724 1524 Pers.
745 1481 772 1523 v.
787 1459 850 1523 577
863 1481 923 1541 sq.:
947 1453 1148 1522 σκύλλονται
1170 1452 1254 1542 πρὸς
1277 1452 1438 1522 ἀναύδων
1450 1457 1594 1526 ,Παίδων

284 1565 342 1640 τᾶς
372 1558 539 1647 ἀμιάντου
570 1561 628 1650 (sc.
657 1557 761 1650 ἁλός).
807 1563 912 1640 Quam
941 1565 1117 1648 imaginem
1148 1565 1188 1630 ad
1219 1563 1427 1630 orientalium
1458 1564 1595 1646 scripto·

285 1693 358 1734 rum
391 1670 562 1735 dictionem
595 1670 740 1754 proxime
773 1671 922 1736 accedere
954 1669 1087 1735 adnotat
1115 1670 1291 1736 Teuffelius
1324 1669 1413 1757 (edit.
1436 1669 1478 1735 ΙΙ.
1508 1670 1595 1734 Pers.

285 1801 315 1860 p.
339 1775 407 1863 34).
434 1813 471 1823 -
497 1775 634 1840 Plantae
662 1778 776 1842 matris
808 1779 940 1843 notione
971 1777 1154 1842 illustratae
1187 1778 1273 1861 apud
1302 1777 1499 1861 Aeschylum
1529 1799 1596 1840 non

198 1927 201 1934 ι
287 1885 400 1950 obviae
424 1887 500 1949 sunt
522 1883 587 1948 nisi
610 1884 686 1948 vitis
710 1882 796 1950 Pera.
820 1887 885 1950 614
900 1907 961 1971 sq.:
992 1877 1162 1969 άκήρατόν
1185 1909 1219 1950 τε
1242 1879 1366 1969 μητρὸς
1388 1878 1507 1970 άγρίας
1530 1878 1595 1947 άπο

286 1987 401 2056 Ποτὸν
424 1992 567 2068 παλαιάς
590 1973 740 2075 ἀμπέλου
763 1986 865 2073 γάνος
887 1986 973 2055 τόδε.
996 2027 1033 2036 -
1057 1989 1205 2074 Mythica
1229 1991 1353 2056 scilicet
1375 1993 1507 2055 notione
1530 2011 1597 2054 nox

287 2102 391 2164 mater
415 2098 579 2182 effingitur
603 2101 635 2162 et
657 2095 826 2160 Furiarum
849 2096 944 2162 Eum.
966 2119 995 2160 v.
1011 2097 1100 2182 321,ί
1118 2119 1146 2160 v.
1163 2097 1241 2182 745,
1274 2121 1303 2163 v.
1323 2098 1388 2164 844
1411 2097 1483 2162 aliis
1507 2097 1597 2180 locis,

285 2210 318 2269 et
341 2227 476 2270 aurorae
498 2204 561 2288 Ag.
585 2227 612 2268 v.
632 2204 698 2267 264
713 2225 772 2288 sq.:
811 2197 991 2286 εὐάγγελος
1018 2201 1094 2286 μέν,
1125 2197 1235 2289 ὥσπερ
1264 2196 1285 2288 ή
1314 2207 1490 2289 παροιμία,
1511 2198 1598 2278 Ἕως

285 2311 416 2395 γίνοιτο
441 2309 565 2396 μητρὸς
593 2303 763 2394 εὐφρόνης
786 2305 885 2394 πάρα.
909 2345 950 2354 -
974 2307 1025 2373 Ex
1049 2309 1224 2374 abstractis
1253 2311 1407 2375 memoria
1430 2307 1597 2373 Musarum

285 2420 305 2486 i.
325 2442 349 2484 e.
374 2421 492 2485 artium
520 2427 623 2483 mater
651 2419 785 2482 vocatur
811 2414 918 2480 Prom.
946 2437 975 2480 v.
994 2416 1074 2480 461:
1106 2412 1241 2500 μνήμην
1271 2411 1445 2498 ἁπάντων,
1476 2433 1596 2499 μουσο-

286 2522 402 2612 μήτορ’
433 2521 580 2612 ἐργάνην
609 2523 713 2611 (οοδδ.
737 2519 896 2608 ἐργάτιν).
942 2521 1037 2588 Hanc
1065 2522 1151 2587 enim
1174 2522 1287 2588 Weilii'
1308 2524 1430 2608 Engeri
1459 2524 1595 2589 aliorum

288 2632 491 2715 scripturam,
514 2631 590 2716 quia
612 2631 654 2695 ad
678 2651 758 2712 eam,
781 2651 862 2713 quae
886 2629 1005 2694 tradita
1028 2632 1091 2711 cat,
1114 2631 1260 2715 proxime
1285 2631 1408 2696 accedit
1431 2634 1463 2694 et
1487 2635 1597 2715 aptam

285 2740 420 2821 praebet
453 2738 648 2802 sententiam
680 2736 896 2819 recipiendam
929 2758 998 2800 esse
1028 2736 1191 2820 existim0,
1220 2738 1366 2821 quamvis
1395 2738 1525 2822 elegans
1555 2737 1598 2800 ait

285 2844 524 2910 Hemsterhusii
544 2845 728 2910 coniectura
747 2866 766 2908 a
784 2842 946 2927 plerisque
965 2842 1314 2927 editoribus'probata:
1339 2840 1470 2928 μνήμης
1489 2838 1593 2906 ἁπάν-

285 2975 353 3016 των
373 2945 600 3036 μουσομήτορ’
622 2946 778 3035 ἐργάνην.
794 2948 996 3033 -Denique
1020 2951 1054 3013 in
1078 2950 1241 3033 proverbii
1264 2950 1330 3015 vim
1353 2971 1455 3034 paene
1480 2949 1598 3014 abiisse

287 3059 413 3122 videtur
437 3057 522 3142 Sept.
547 3081 575 3122 v.
599 3059 663 3121 224
679 3079 741 3140 sq,
766 3056 821 3120 ubi
845 3056 1051 3120 oboedientia
1074 3058 1179 3120 mater
1201 3055 1428 3141 prosperitatis
1453 3055 1598 3140 appella-

287 3169 352 3229 tur:
375 3168 556 3251 πειθαρχία
578 3160 643 3249 γάρ
668 3162 736 3228 ἐστι
759 3163 817 3246 τής
840 3157 1017 3247 εὐπραξίας
1042 3158 1245 3247 Μήτηρ...
1281 3161 1369 3227 Bene
1393 3162 1506 3228 schol:
1534 3178 1597 3226 σω-

288 3284 463 3355 ματοποιεῖ
484 3269 522 3337 δέ
543 3266 583 3335 τά
608 3266 792 3355 πράγματα.

375 3377 445 3442 Hae
480 3381 571 3461 sunt,
603 3380 760 3461 quantum
794 3375 874 3458 scio,
907 3375 1181 3441 conformationes
1214 3375 1253 3439 de
1285 3380 1388 3441 matre
1420 3379 1599 3461 promptae.

287 3483 361 3548 Una
386 3507 485 3569 eaque
509 3483 833 3570 magnificentissima
856 3487 1023 3568 praeterea
1052 3487 1158 3547 exstat
1182 3483 1372 3566 translatio,
1402 3506 1464 3568 qua
1486 3505 1618 3548 noyer-f

290 3614 346 3656 cae
370 3592 530 3656 acerbitas
549 3591 766 3673 atrocitasque
790 3590 888 3654 maris
912 3589 1058 3654 faucibus
1078 3589 1246 3672 tribuitur,
1269 3589 1325 3653 ubi
1344 3612 1442 3654 naves
1467 3590 1505 3654 ad
1530 3611 1598 3654 aco·

291 3699 384 3783 pulos
420 3699 541 3781 appelli
574 3720 611 3762 ac
643 3697 750 3782 frangi
784 3698 903 3763 solent:
937 3696 993 3761 ἵνα
1025 3700 1167 3781 Τραχελα
1198 3691 1326 3760 πόντου
1356 3697 1600 3779 Σαλμυδησσία

292 3801 423 3887 γνάθος
442 3801 660 3892 Ἐχθρόξενος
682 3799 848 3886 ναύταισι,
871 3798 1014 3888 μητρυιά
1038 3803 1125 3867 νεῶν
1150 3800 1271 3888 (Prom.
1294 3824 1322 3866 v.
1338 3803 1402 3867 725
1418 3799 1510 3888 sqq).

386 3909 509 3978 Contra
535 3912 639 3996 patris
662 3911 766 3994 notio,
794 3911 826 3974 id
854 3912 940 3995 quod
967 3910 1106 3976 fortasse
1135 3911 1253 3973 mirum
1276 3909 1415 3991 videtur,
1442 3908 1600 3972 translate

293 4024 449 4104 usurpata
472 4041 632 4103 nusquam
660 4017 744 4103 apud
767 4017 967 4102 Aeschylum
993 4014 1169 4098 invenitur,
1197 4016 1260 4080 nisi
1288 4016 1373 4082 forte
1396 4016 1511 4099 fragm.
1538 4015 1599 4080 159

236 4181 241 4190 .
293 4127 357 4190 huc
389 4126 502 4190 referri
532 4127 655 4209 potest,
686 4125 742 4188 ubi
775 4123 858 4189 Ister
889 4125 1009 4189 flumen
1041 4120 1270 4206 Nympharum
1302 4143 1419 4206 parens
1452 4127 1600 4187 vocatur:

292 4237 411 4318 Ιστρος
434 4229 589 4309 τοιαύτας
611 4230 803 4317 παρθένους
827 4227 1005 4316 λοχεύεται.
1029 4267 1070 4278 -
1094 4228 1301 4312 Pepeleganti
1329 4232 1436 4294 autem
1459 4230 1600 4314 imagine

296 4337 555 4423 Clytaemnestra
578 4338 775 4403 collucentes
799 4338 898 4422 faces,
927 4338 1043 4422 quibus
1068 4336 1106 4400 de
1130 4335 1247 4400 Troiae
1271 4336 1510 4421 expugnatione
1535 4359 1600 4401 cer-

289 4446 354 4511 tior
378 4450 427 4510 est
445 4445 541 4528 facta,
564 4444 696 4510 minime
720 4467 842 4528 proavo
864 4443 963 4510 Idaeo
989 4465 1095 4508 carere
1119 4442 1293 4527 praedicat,
1317 4466 1336 4507 a
1359 4466 1422 4528 quo
1442 4444 1600 4528 originem

171 4553 175 4560 ’
288 4552 438 4617 duxerint
465 4551 526 4636 Ag.
545 4574 574 4617 v.
589 4552 667 4616 311:
692 4547 778 4636 φάος
800 4547 872 4616 τόδ’
900 4545 962 4617 οὐκ
985 4546 1143 4615 ἄπαππον
1164 4544 1290 4615 Ἰδαίου
1312 4547 1427 4636 πυρός.

379 4658 713 4744 Saepius-liberorum
733 4659 824 4724 notio
844 4659 1062 4743 metaphorice
1086 4658 1266 4722 adhibetur.
1304 4656 1389 4721 Nam
1413 4661 1518 4722 terrae
1542 4656 1601 4720 filii

287 4767 382 4832 flores
407 4767 483 4830 sunt
507 4764 594 4829 Pers.
618 4787 646 4829 v.
661 4766 741 4830 618:
772 4761 864 4850 ἄνθη
887 4789 922 4830 τε
945 4761 1078 4847 πλεκτά,
1103 4760 1285 4848 παμφόρου
1308 4767 1404 4848 γαίας
1426 4762 1534 4829 τέκνα.
1559 4797 1600 4809 -

287 4873 458 4958 Nymphas
486 4871 626 4936 Inachus
653 4871 773 4936 flumen
801 4872 902 4936 habat
932 4871 1016 4936 filias
1043 4871 1160 4956 fragm.
1187 4873 1263 4936 170:
1298 4867 1430 4955 Ἰνάχου
1450 4866 1601 4957 Ἀργείου
