3610 5542
767 399 988 464 ..45-

227 559 379 643 imaginis
402 559 464 642 vis,
493 559 564 623 etsi·
579 558 691 641 paucis
720 557 798 622 locis
823 559 919 622 modo
942 557 1046 622 maior
1069 559 1165 621 modo
1190 560 1296 622 minor
1320 560 1436 642 elucet,
1465 558 1529 640 ple·

226 666 335 748 risque
359 670 469 730 tamen
493 687 625 748 prorsus
646 665 786 728 evanuit.

317 771 387 856 Age
421 793 497 836 vero
531 771 710 852 videamus,
744 792 902 854 quaenam
936 770 1017 834 aliae
1050 772 1168 835 mentis
1200 771 1371 834 facultates
1404 775 1533 854 praeter

227 878 383 942 sermonis
414 899 508 941 usum
539 877 579 940 ad
608 899 658 960 ea,
689 878 861 960 quaesita
891 881 1015 960 carent,
1046 877 1224 941 translatae
1253 877 1326 941 sint.
1371 876 1532 941 Idunum

228 983 396 1050 Graeciam
426 983 571 1048 conicere
599 1005 694 1068 posse
722 984 768 1047 ait
791 982 949 1068 Pelasgus
977 1005 1047 1065 rex,
1074 983 1130 1047 ubi
1158 983 1299 1066 primum
1323 982 1429 1046 Danai
1451 984 1534 1047 vidit

226 1085 309 1156 filias
333 1089 540 1175 peregrinum
563 1089 598 1152 in
622 1090 753 1155 modum
777 1092 924 1171 ornatas,
947 1089 1109 1171 supplices
1133 1089 1206 1152 illas
1231 1088 1399 1153 advenisse
1423 1087 1534 1172 Suppl.

227 1221 254 1262 v.
272 1199 350 1262 243:
373 1193 482 1280 privor
504 1184 577 1260 τόδ’
600 1181 718 1272 Ἑλλὰς
739 1189 834 1280 χθὰν
859 1197 1047 1258 συνοίσεται
1071 1191 1187 1281 στόχῳ.
1234 1192 1366 1259 Scilicet
1388 1199 1533 1278 metony-

229 1304 295 1368 mia
319 1303 526 1387 explicandus
551 1306 600 1366 est
622 1304 676 1369 hic
700 1304 800 1386 locus,
823 1303 870 1366 ita
888 1305 924 1365 ut
942 1301 1004 1384 ipsi
1024 1299 1138 1365 Graeci
1158 1302 1399 1386 intellegantur.
1413 1339 1457 1346 —-
1477 1300 1531 1368 Sol
1567 1319 1570 1326 ⁴

219 1401 257 1474 'si
280 1408 376 1474 modo
395 1408 576 1473 Menelaum
597 1409 700 1474 adhuc
720 1409 828 1473 vivum
848 1407 1063 1490 exquisiverit,
1088 1430 1178 1491 spem
1198 1418 1270 1472 esse*
1286 1408 1416 1472 domum
1440 1407 1532 1472 illum

228 1517 405 1582 rediturum
433 1537 548 1600 praeco
578 1515 655 1580 dicit
682 1515 744 1599 Ag.
766 1537 795 1578 v.
820 1514 884 1580 676
909 1534 990 1597 sqq.:
1028 1515 1059 1578 εί
1086 1508 1117 1576 d'
1148 1504 1212 1578 οὖν
1239 1537 1288 1590 τις
1315 1509 1408 1591 ὰκτὶς
1435 1509 1533 1598 ἡλίου

226 1646 282 1687 νιν
314 1623 441 1707 ίστορεῑ
470 1617 613 1707 Χλωρόν
641 1644 675 1685 τε
705 1617 761 1683 καὶ
791 1619 971 1702 βλέποντα,
1107 1619 1197 1696 ἐλπίς
1230 1644 1280 1696 τις
1314 1614 1420 1686 αὐτὸν
1450 1617 1533 1704 πρὸς

228 1724 355 1813 δόμους
377 1722 469 1812 ἥξειν
492 1724 602 1793 πάλιν.
628 1764 666 1772 -
692 1725 802 1790 Etiam
826 1725 947 1790 sciendi
976 1729 1008 1789 et
1035 1726 1222 1790 recordandi
1251 1726 1340 1790 notio
1364 1727 1533 1809 metapho-

226 1836 291 1899 rice
315 1834 494 1899 adhibetur.
531 1833 709 1898 Multorum
732 1833 910 1898 facinorum
932 1832 1186 1915 Agamemnonis
1211 1832 1341 1896 domum
1365 1853 1434 1896 esse
1459 1855 1533 1897 con-

227 1941 326 2006 sciam
351 1939 533 2006 Oassandra
560 1941 607 2005 ait
637 1940 698 2023 Ag.
722 1963 749 2002 v.
776 1939 860 2003 1090
884 1961 943 2021 sq.:
972 1934 1078 2004 πολλὰ
1108 1941 1288 2023 συνίστορα
1318 1939 1375 2024 (sc.
1399 1938 1533 2024 στέγην)

228 2097 235 2111 .
260 2096 267 2111 .
291 2097 298 2111 .
325 2043 418 2112 κακὰ.
464 2046 513 2113 Of.
537 2046 635 2110 eiusd.
659 2045 680 2109 f.
705 2046 783 2110 962:
813 2043 974 2109 πένεσθαι
1003 2040 1035 2108 d’
1067 2041 1128 2110 οὐκ
1156 2045 1326 2110 ἐπίσταται
1355 2043 1466 2129 δόμος.
1490 2085 1534 2092 --

229 2153 277 2217 De
301 2152 406 2218 Prom.
427 2137 457 2217 r.
479 2153 542 2218 789
566 2153 628 2218 vid.
648 2156 667 2233 ξ
688 2154 717 2236 2,
740 2175 769 2236 p.
786 2153 836 2218 23.
855 2189 892 2198 —
915 2151 1074 2216 Memores
1098 2153 1264 2236 finguntur
1286 2153 1395 2235 μῆνις,
1418 2149 1532 2234 πόνος,

226 2255 336 2344 χὰριςε
369 2262 429 2344 Ag.
452 2283 481 2324 v.
507 2259 569 2324 153
594 2282 676 2342 sqq.:
709 2261 821 2342 μίμνει
853 2254 918 2341 γὰρ
952 2252 1080 2344 φοβερὰ
1112 2260 1312 2342 παλίνορτος
1346 2254 1533 2342 Οίκονόμος

226 2367 324 2431 δολία
352 2362 516 2449 μνὰμων
550 2366 648 2449 μῆνις
674 2361 945 2451 τεκνόποινοςΜ).
992 2363 1039 2429 Of.
1063 2365 1161 2450 Verg.
1184 2363 1266 2429 Aen.
1293 2367 1319 2446 l,
1342 2365 1377 2428 4:
1411 2386 1533 2428 memor

228 2472 288 2556 ira,
321 2471 428 2536 Prom.
456 2495 485 2536 v.
509 2471 588 2536 516:
621 2469 789 2556 μνήμονες
818 2466 974 2555 Ἐρινύες.
1020 2471 1113 2536 Eum.
1142 2495 1170 2536 v.
1194 2471 1267 2535 383.
1299 2507 1335 2516 —
1371 2469 1532 2535 Malorum

228 2601 379 2642 aerumna
413 2582 464 2643 est
496 2600 619 2643 memor
652 2580 712 2664 Ag.
736 2603 763 2644 v.
791 2579 866 2643 180:
899 2576 1119 2662 μνησιπήμων
1151 2574 1264 2653 πόνος.
1299 2567 1361 2642 df.
1390 2577 1488 2642 eiusd.
1511 2578 1532 2643 f.

230 2706 257 2748 v.
281 2686 358 2750 821:
383 2680 444 2770 χρὴ
468 2681 704 2769 πολύμνηστον
727 2682 826 2772 χάριν
849 2688 961 2750 τίνειν.

314 2791 444 2873 Restat,
468 2794 503 2855 ut
527 2813 581 2856 eas
605 2793 761 2858 addamus
785 2791 1072 2875 conformationes,
1105 2815 1186 2875 quae
1210 2792 1397 2874 compositis
1420 2794 1532 2858 verbo-

226 2920 297 2962 rum
331 2894 422 2982 φρήν
454 2902 487 2963 et
519 2899 614 2981 μῆτις
647 2899 771 2964 effictae
803 2902 891 2980 sunt,
924 2898 1039 2980 quibus
1070 2898 1153 2962 nihil
1184 2898 1251 2962 fere
1284 2899 1455 2964 sublimius
1488 2900 1529 2964 ab

226 3003 386 3087 Aeschylo
410 3005 630 3089 excogitatum
659 3027 728 3070 esse
755 3005 891 3069 videtur.
937 3003 1044 3088 Atque
1073 3025 1185 3068 omnes
1213 3005 1398 3069 huiusmodi
1424 3010 1531 3070 trans-

226 3110 364 3174 lationes
391 3115 428 3174 ut
455 3111 589 3176 audacia
617 3112 756 3176 fortasse
789 3115 983 3196 superantur
1014 3112 1070 3194 iis,
1103 3132 1183 3193 quae
1212 3108 1322 3194 Suppl.
1345 3134 1373 3175 v.
1399 3111 1462 3176 795
1486 3135 1533 3197 sq.

227 3218 368 3297 exstant,
397 3217 442 3280 sic
471 3239 509 3281 ea
538 3220 593 3302 qui
622 3217 704 3302 legit
731 3201 886 3300 recteque
907 3217 1057 3300 percipit,
1087 3221 1171 3282 certe
1194 3217 1301 3281 facere
1324 3239 1392 3281 non
1415 3220 1532 3300 potest,

227 3321 305 3402 quin
329 3343 461 3404 prorsus
485 3323 700 3388 admiratione
725 3324 896 3388 auferatur.
941 3323 1051 3387 Verba
1078 3323 1158 3388 haec
1187 3328 1275 3388 sunt:
1304 3318 1419 3402 λισσὰς
1447 3325 1532 3406 αίγί-

225 3430 284 3502 λιψ
316 3421 554 3512 ὰπρόσὰεικτος
592 3428 770 3514 οἰόφρων
805 3423 928 3515 κρεμὰς
958 3424 1079 3510 γυπιὰς
1112 3430 1222 3514 πέτρα.
1268 3429 1372 3494 Erant
1402 3430 1530 3514 quidem

226 3534 329 3598 critici
353 3536 482 3618 quidam
506 3539 717 3621 χαμαίζηλοι,
741 3540 777 3600 ut
799 3536 976 3600 Hermanni
999 3539 1104 3602 verbis
1127 3542 1201 3602 utar
1225 3537 1280 3623 (II,
1303 3561 1332 3622 p.
1357 3537 1429 3624 40),
1452 3560 1530 3623 quo·

224 3661 294 3704 rum
320 3645 450 3724 captum
475 3643 583 3708 divina
606 3643 663 3706 illa
685 3644 861 3706 immensae
884 3643 1065 3708 altitudinis
1090 3644 1261 3727 descriptio
1285 3646 1333 3714 ita
1356 3644 1531 3728 excederet,

226 3750 263 3810 ut
287 3746 368 3810 alius
392 3748 427 3810 in
452 3748 547 3812 aliam
572 3749 728 3814 incideret
750 3748 976 3814 coniecturam.
1014 3749 1121 3834 Atque
1145 3750 1233 3814 vocis
1258 3746 1410 3834 οίόφρων
1433 3752 1530 3815 inter·

224 3853 440 3936 pretationem
470 3854 642 3920 admodum
671 3877 854 3940 perversam
887 3857 990 3920 lexiea
1017 3855 1172 3922 Passowii
1202 3861 1233 3920 et
1260 3855 1353 3940 Papii
1382 3857 1531 3921 exhibere

227 3959 306 4023 milri
330 3960 493 4044 videntur,
521 3984 657 4045 quorum
680 3964 734 4026 ille
762 3963 793 4026 h.
816 3985 844 4027 v.
869 3964 1041 4027 convertit:
1068 3963 1304 4048 „eigensinnig,
1331 3963 1531 4047 ueberhaupt

227 4066 377 4148 einsam“,
413 4066 466 4131 hic
507 4068 629 4151 pariter
664 4069 907 4154 „eigensinnig“
945 4069 1175 4153 interpretatus
1213 4069 1301 4134 addit
1338 4070 1530 4153 scripturam

227 4172 319 4236 valde
348 4171 476 4236 dubiam
506 4174 619 4258 videri,
651 4197 790 4260 namque
817 4176 879 4240 hoc
907 4176 978 4242 loco
1006 4176 1198 4240 vccabulum
1226 4175 1412 4258 desiderari,
1444 4175 1529 4260 quod

225 4278 354 4362 „allein,
378 4279 521 4344 einsam“
544 4281 712 4366 significet.
755 4280 860 4356 Quare
884 4278 1127 4368 οίοπροιιρεμὰς
1146 4281 1348 4346 scribendum
1368 4283 1530 4366 proponit.

226 4383 272 4450 At
299 4385 374 4470 quid
404 4386 431 4450 si
460 4388 568 4451 omnia
595 4391 681 4451 recte
709 4409 778 4452 sese
807 4387 951 4468 habent?
995 4388 1127 4452 Etenim
1150 4387 1336 4452 vertendum
1362 4392 1423 4452 est:
1445 4388 1528 4470 „ein-

226 4513 296 4556 sam
320 4493 483 4558 sinnend“.
528 4493 639 4558 Etiam
660 4493 857 4579 Dindorfius,
880 4516 1063 4580 quanquam
1083 4516 1221 4576 sensum,
1245 4495 1300 4578 qui
1319 4495 1440 4578 subest,
1463 4495 1529 4558 fere

225 4597 343 4683 reddit,
366 4621 439 4664 cum
463 4600 664 4682 „solitarius“
687 4605 804 4686 vertat,
835 4601 1007 4685 imaginem
1031 4605 1139 4665 tamen
1164 4601 1258 4684 plane
1283 4600 1378 4664 tollit.
1424 4600 1527 4666 Immo

226 4725 302 4768 vero
321 4728 433 4789 rupem
454 4706 599 4791 depingit
618 4710 715 4791 poeta
733 4712 800 4771 tam
820 4710 1035 4791 praeruptam,
1059 4711 1127 4770 tam
1147 4706 1254 4790 altam,
1279 4709 1344 4770 tam
1364 4706 1405 4769 ab
1425 4709 1526 4772 omni·

226 4811 286 4875 bus
310 4812 504 4877 animalibus
527 4813 688 4878 desertam
711 4815 853 4897 exceptis
876 4813 1066 4897 vulturibus,
1089 4817 1126 4876 ut
1149 4813 1295 4878 solitaria
1317 4813 1406 4877 velut
1429 4813 1526 4880 homo

226 4939 332 4983 seeum
357 4941 428 4984 esse
452 4919 610 4984 meditans
633 4919 832 5008 videaturffl).
878 4920 924 4986 Ut
947 4921 1047 5005 igitur
1069 4941 1166 5004 rupes
1193 4923 1300 4984 mente
1323 4921 1413 5004 quasi
1437 4943 1526 5005 prae-
