3610 5542
863 425 906 436 ...
952 389 995 452 62
1040 426 1083 436 .-

405 547 451 610 61)
470 543 511 598 cf.
531 544 655 599 Schuetz.
673 527 741 598 edit.
761 545 782 598 l.
801 562 828 614 p.
848 551 909 600 361.
966 572 972 584 ·

405 638 449 698 ta)
468 631 563 687 Etiam
581 631 634 687 hoc
653 631 768 686 verbum
789 633 910 688 Kockius
929 633 1062 688 vitiosum
1081 633 1176 687 censet
1194 633 1232 701 (p.
1252 634 1377 700 tideo).

405 723 450 790 63)
471 722 548 787 Quae
567 721 653 776 verba
671 738 688 775 a
707 722 859 790 Droysenio
878 722 948 777 bene
968 721 1008 776 sio
1026 722 1164 776 translata
1182 723 1260 774 sunt:
1290 719 1413 788 „wsinet
1437 719 1483 772 die
1504 719 1625 786 thraene,

317 811 363 865 die
381 810 526 878 rieselnde,
545 811 728 865 sterbends
746 811 806 864 ihm
824 811 874 865 der
892 813 971 866 sterb
989 827 1101 866 unsrem
1120 810 1211 865 hero.
1224 812 1240 838 “

406 901 451 968 54)
471 899 510 954 cf.
531 899 607 970 Sept.
626 919 652 955 v.
674 905 756 953 10512
770 895 848 968 ”ane
866 902 995 970 περαίνει
1013 900 1110 970 μῦθον
1128 893 1234 966 ὑστάτη
1253 897 1340 952 θεῶν.

406 992 450 1058 66)
470 988 533 1044 Vid.
554 987 638 1044 chlr.
658 1007 685 1058 p.
705 993 765 1044 380.

406 1079 451 1148 66)
471 1077 512 1135 Cf.
532 1077 617 1148 Soph.
638 1077 731 1147 Antig.
752 1096 777 1132 v.
798 1083 850 1132 413
860 1095 919 1147 sqq.

405 1169 450 1234 67)
469 1166 548 1220 Hanc
566 1165 700 1220 librorum
723 1168 888 1237 scripturam
913 1165 1007 1221 nescio
1030 1183 1065 1220 ao
1090 1169 1166 1220 recte
1184 1166 1360 1220 Hermannus
1381 1163 1554 1229 servaverit,
1577 1161 1628 1216 etsi

316 1254 465 1324 singularis
488 1255 600 1309 videtur
623 1255 755 1310 attractio
777 1256 828 1309 illa
851 1251 977 1323 (πιστοὺς
1000 1248 1077 1316 ὅπως
1095 1252 1252 1323 γένοισθε),
1276 1271 1348 1322 quae
1372 1254 1447 1308 adeo
1471 1251 1628 1307 veracitet

317 1343 490 1398 Dindorfium
510 1345 538 1397 et
558 1342 701 1410 Weilium,
720 1347 752 1397 ut
770 1342 819 1397 ille
838 1345 984 1398 verborum
1007 1343 1103 1397 ordine
1122 1341 1272 1398 immutato
1291 1336 1386 1410 „dame
1404 1340 1542 1412 γένοισθε
1563 1335 1629 1407 πρὸς

315 1432 396 1503 χρέος
415 1431 507 1486 πιστοὶ
526 1429 610 1486 τόὸεί*
629 1431 771 1499 scriberet,
791 1431 849 1486 hio:
869 1428 983 1498 ,πιστός
1001 1452 1043 1493 τις
1061 1426 1098 1492 ὡς
1116 1429 1228 1500 γένοιτο
1246 1427 1317 1498 πρὸς
1335 1427 1418 1500 χρέος
1437 1426 1533 1484 πόδι’*

403 1527 447 1589 63)
473 1521 513 1578 Cf.
537 1521 621 1591 Verg.
646 1521 746 1590 Georg.
768 1529 797 1586 4,
822 1526 886 1574 369:
917 1523 999 1590 pater
1023 1519 1180 1575 Tiberinus.
1198 1552 1233 1596 ¹-
1253 1519 1357 1574 Tibull.
1379 1526 1407 1588 1,
1435 1527 1465 1586 7,
1489 1524 1538 1572 33ι
1566 1516 1628 1570 Nile

316 1612 404 1680 pater.
425 1642 458 1650 -
478 1610 571 1681 Enrip.
596 1611 662 1666 Hes.
687 1629 712 1664 v.
732 1615 798 1664 451:
828 1607 902 1663 ἔνθα
925 1611 1078 1663 καλλίστων
1103 1603 1215 1664 ὑδάτων
1239 1609 1349 1678 πατέρα
1373 1608 1465 1676 φασὶν
1484 1603 1627 1660 ’Λπίὸανον

315 1697 387 1768 γύας
405 1699 554 1753 λιπαίνειν.
574 1730 608 1738 -
627 1698 729 1754 Bacch.
749 1717 774 1753 v.
795 1703 856 1752 611.
876 1728 909 1737 -
929 1697 1014 1751 Plura
1033 1697 1161 1766 exempla
1180 1697 1297 1767 praebet
1315 1697 1408 1752 Hense
1422 1697 1442 1749 l.
1454 1698 1473 1750 l.
1490 1715 1517 1766 p.
1530 1700 1579 1749 182
1590 1711 1628 1760 sq.

406 1791 450 1857 os)
469 1789 532 1842 vid.
548 1787 695 1842 Oberdick.
712 1787 777 1841 adit.
796 1805 822 1856 p.
842 1793 890 1841 rsa
910 1790 939 1840 er
957 1804 984 1855 p.
1002 1792 1106 1840 ιιι-
1125 1776 1233 1840 Nauali.
1247 1788 1291 1842 ad.
1303 1786 1387 1857 Soph.
1399 1787 1431 1842 0.
1445 1785 1474 1840 e.
1487 1804 1514 1840 v.
1526 1789 1586 1839 css.
1598 1811 1627 1821 -

314 1876 467 1932 Wellaueri
491 1880 520 1930 et
538 1876 618 1930 Dind.
637 1877 690 1929 lex.
711 1892 732 1928 s.
753 1893 776 1929 v.
797 1869 974 1937 πολύτεκνοι.
994 1905 1028 1914 -
1048 1873 1154 1928 Eadem
1179 1873 1289 1930 ratione
1309 1876 1484 1945 Droysenius
1509 1875 1537 1927 h.
1553 1889 1578 1925 v.
1593 1870 1627 1924 ad

315 1965 492 2022 fertilitatem
512 1963 591 2031 aquis
610 1961 754 2016 fluminum
775 1963 865 2016 ortam
886 1963 1004 2030 rettulit,
1024 1979 1087 2017 cum
1107 1962 1354 2030 „keimweckend“
1373 1967 1477 2020 vertat.

407 2055 452 2122 60)
471 2053 511 2108 Cf.
531 2053 613 2107 Todt.
633 2052 651 2106 l.
672 2053 688 2106 l.
709 2070 735 2121 p.
756 2056 798 2105 34.
1354 2057 1358 2066 '

405 2146 450 2211 61)
470 2142 510 2197 cf.
530 2142 612 2196 Todt.
634 2142 651 2195 l.
671 2141 689 2194 l.
710 2159 736 2210 p.
757 2142 790 2194 39
811 2158 869 2210 sqq.

406 2235 451 2298 62)
471 2231 512 2286 cf.
531 2229 628 2284 Scholr
648 2225 845 2299 χιονόβοσκονι
864 2231 935 2299 φασί
954 2227 1008 2299 γὰρ
1027 2231 1164 2300 λυομένης
1182 2227 1277 2301 χιόνος
1295 2229 1372 2302 παρὰ
1390 2226 1493 2294 ’1νᾶος
1511 2227 1628 2297 πληροῦ-

317 2324 387 2375 σθαι
406 2316 503 2374 αὐτόν.

407 2409 452 2477 63)
471 2406 561 2461 Prom.
581 2426 607 2461 v.
627 2413 674 2462 st:
702 2401 809 2477 ἀτερπῆ
830 2406 936 2476 πέτραν
955 2406 974 2463 i.
993 2426 1016 2463 e.
1036 2425 1132 2462 saxum
1153 2409 1230 2464 nullo
1249 2410 1352 2480 gaudio
1370 2409 1508 2464 afficiens.

408 2500 453 2566 64)
472 2494 622 2564 Eleganter
641 2496 823 2563 Droysenius:
847 2495 919 2564 „den
938 2515 979 2563 ur,
999 2497 1048 2550 des
1067 2497 1175 2566 pflnges
1194 2499 1338 2554 sklavcn.“

387 2575 450 2654 Ι66)
471 2585 526 2638 Hos
546 2583 659 2652 quidem
677 2601 772 2638 versus
792 2584 949 2638 Dindorfius
969 2585 1064 2652 eiecit;
1085 2586 1140 2639 vid.
1160 2587 1255 2642 tamen
1274 2588 1408 2642 Weilium
1428 2588 1466 2641 ad
1485 2587 1513 2639 h.
1530 2586 1548 2638 l.
1660 2635 1664 2642 .

404 2677 448 2740 66)
467 2673 625 2727 Dindorfius
644 2674 704 2727 cod.
724 2677 762 2726 Μ.
784 2673 1015 2742 scripturam...
1035 2671 1181 2745 πράκτορά
1200 2695 1229 2730 τι
1250 2673 1422 2731 σκοπόν...
1443 2675 1569 2731 retinuit.

405 2767 450 2828 67)
470 2760 548 2814 Nihil
570 2778 629 2814 esse
652 2778 760 2829 causae,
783 2779 831 2815 cur
846 2760 1005 2816 Dindorfins
1029 2779 1073 2816 vv.
1089 2753 1230 2817 ssd-902
1249 2765 1328 2818 uncis
1347 2765 1502 2832 incluserit,
1524 2761 1627 2832 optime

265 2910 268 2916 ,
316 2853 512 2922 comprobasse
531 2849 599 2903 mihi
620 2849 731 2904 videtur
750 2851 867 2905 Weilius
886 2850 1070 2906 adnotatione
1089 2853 1125 2906 ad
1145 2853 1171 2906 h.
1193 2853 1210 2906 l.
1231 2854 1348 2908 adiecta.

407 2945 451 3008 68)
472 2939 518 2994 Sic
532 2939 691 2994 Dindorfins
704 2939 732 2992 h.
747 2940 765 2994 l.
785 2941 935 2994 admodum
954 2943 1116 3010 corruptum
1131 2942 1256 3008 exhibet3
1276 2941 1326 2996 alii
1344 2943 1374 2996 in
1389 2943 1445 2997 slis
1459 2941 1626 3004 inciderunt,

318 3049 389 3100 quae
409 3030 484 3101 apud
502 3029 578 3098 ipsos
597 3029 701 3084 videas.

404 3123 449 3188 69)
472 3116 553 3172 Dind.
579 3133 688 3171 comma
714 3119 778 3186 post
801 3107 834 3171 εὖ
858 3117 981 3186 positum
1005 3104 1118 3174 delevit.
1156 3120 1234 3174 Libri
1258 3122 1299 3182 τίς
1326 3124 1391 3191 post
1419 3111 1452 3174 εὖ
1482 3116 1626 3182 exhibent,

319 3207 420 3263 deinde
439 3223 489 3276 pro
509 3207 557 3259 dri
573 3203 721 3274 μένειν...
742 3207 926 3275 ,,6ιιμαίνει“.

405 3300 449 3363 70)
470 3295 575 3350 Sobel:
600 3289 633 3347 ori
653 3295 782 3364 πανταχῆ
801 3291 833 3349 τὸ
853 3293 949 3349 δεινὸν
968 3292 1086 3351 ἀπεῖναι
1105 3299 1217 3365 φρενῶν
1237 3299 1289 3352 δεῖ.

406 3388 449 3452 71)
469 3384 545 3438 Haec
564 3382 662 3436 Weilii
686 3383 824 3453 scriptura
848 3385 967 3438 maxime
991 3384 1062 3439 mihi
1080 3387 1226 3455 probatur,
1250 3387 1321 3456 vid,
1345 3403 1416 3456 quae
1435 3388 1519 3442 adh.
1540 3388 1558 3440 l.
1577 3383 1624 3438 ad-

315 3475 432 3529 notavit.
452 3505 486 3513 —
506 3473 563 3526 Alii
581 3472 638 3526 alia
656 3471 842 3528 coniecerunt.

406 3565 450 3634 72)
470 3561 606 3616 concreta
628 3560 703 3615 hunc
726 3561 754 3616 in
779 3563 892 3616 modum
915 3563 1057 3618 illustrata
1081 3564 1155 3635 apud
1175 3566 1344 3634 Aeschylum
1367 3582 1425 3620 non
1443 3567 1530 3620 obvia
1546 3562 1622 3618 ¹sunt·

406 3653 450 3722 73)
475 3650 521 3706 Sic
549 3650 624 3705 enim
653 3649 808 3706 rectissime
836 3667 900 3704 mea
927 3653 1039 3720 quidem
1074 3653 1214 3708 sententia
1242 3654 1400 3709 Dindorlius
1429 3653 1549 3708 Weilius
1577 3649 1624 3705 alii

317 3743 487 3814 scripserunt
506 3741 621 3795 Porsoni
644 3757 677 3793 ex
701 3741 909 3810 emendatione,
938 3741 987 3810 qui
1009 3742 1275 3811 interpunctionem,
1303 3759 1388 3810 quarn
1412 3744 1472 3797 cod.
1496 3747 1538 3798 M.
1563 3738 1624 3810 post

228 3845 235 3860 ·
314 3829 417 3899 θάρσει
436 3831 557 3898 exhibet,
577 3830 691 3897 delevit,
709 3827 908 3897 imperativum
926 3830 961 3882 ab
980 3830 1034 3884 hoc
1053 3830 1115 3885 loco
1135 3831 1258 3885 alienum
1278 3848 1338 3885 esse
1357 3836 1441 3888 ratus.

405 3922 449 3989 74)
472 3920 546 3973 Male
571 3918 722 3972 scholiasta
744 3918 824 3986 διῆκε
848 3919 984 3972 aoristum
1008 3920 1085 3973 verbi
1108 3921 1198 3989 διίημι
1219 3920 1370 3986 intellexit,
1397 3939 1517 3990 namque
1530 3922 1622 3992 ‘intar-

315 4009 455 4076 pretatur:
484 4009 612 4060 διελθεῖν
631 4005 681 4059 καί
698 4003 796 4075 ρἐὓσαι
816 4001 955 4074 ἐποίησεν.

406 4098 448 4166 76)
469 4095 509 4150 ef.
529 4094 624 4148 Horat.
646 4111 730 4148 carm.
749 4093 797 4162 111,
817 4101 842 4161 4,
861 4101 894 4148 42
906 4113 959 4164 sq.:
978 4095 1085 4149 fulmen
1105 4098 1261 4158 caducum,
1291 4085 1293 4092 ’

406 4190 450 4254 76)
471 4185 542 4239 Vide
562 4185 647 4239 etiam
666 4183 765 4237 miram
786 4184 872 4238 schol.
892 4185 1160 4254 interpretationem.

406 4276 449 4343 77)
470 4273 651 4328 Scribsndum
672 4275 842 4341 putaverunt
860 4290 911 4342 pro
927 4271 1054 4342 ,,χειρός“
1074 4275 1253 4331 Causabonus
1268 4281 1368 4346 χεῖλος,
1388 4278 1518 4332 Pauwius
1532 4271 1621 4347 κηρός,

315 4365 490 4418 Hermannus
509 4368 614 4431 χρεῖοςς
633 4361 716 4416 Both.
729 4361 915 4416 SchneideW.=
932 4357 1026 4425 Ἐλπίς
1044 4366 1152 4434 προσίοι
1173 4373 1280 4435 χεῖρας,
1300 4366 1400 4422 Kerke
1421 4361 1521 4429 Ἐλπὶς
1539 4380 1620 4437 προσ-

314 4447 377 4519 ῆστ’
397 4447 517 4521 ἀχρεῖοι.

405 4546 449 4610 76)
469 4540 664 4619 Οοισιιιλιιιισ
683 4540 823 4609 descripta
842 4557 897 4594 non
915 4541 1101 4598 inveniuntur.

406 4632 450 4700 79)
470 4629 621 4684 Commode
640 4629 809 4696 Droysenius
823 4629 851 4686 h.
866 4630 884 4684 l.
900 4632 1038 4687 convertit
1056 4633 1109 4688 ita:
1129 4633 1238 4703 („wird)
1258 4633 1339 4689 hcine
1358 4633 1435 4688 hand
1453 4633 1502 4688 ihn
1520 4634 1620 4699 finden,

315 4705 752 4788 mmmmmms

404 4811 449 4878 80)
469 4807 514 4862 Sic
533 4805 703 4878 Dindorfius,
728 4806 777 4862 alii
797 4808 890 4874 aliter,
910 4810 1077 4878 metaphora
1094 4828 1174 4880 vero,
1199 4829 1270 4883 quae
1290 4811 1318 4866 in
1337 4811 1391 4868 hoc
1410 4812 1473 4867 loco
1492 4813 1619 4882 corrupto

315 4899 396 4968 inest,
414 4900 489 4954 reete
508 4897 698 4953 videturesse
717 4897 830 4953 tradita.
