3610 5542
774 372 809 379 -
859 333 987 397 37·-

228 492 282 559 καὶ
297 494 398 579 μέγας
412 493 543 582 πόρος.;
568 497 606 562 ef.
623 496 700 561 ibid.
718 519 747 560 v.
759 498 787 562 7.
804 534 843 541 -—
860 494 1045 560 Promethei
1065 492 1177 558 deinde
1197 495 1416 560 calamitatem
1435 493 1532 558 Ocea·
1642 577 1646 582 Δ

228 625 288 666 nus
312 606 466 687 tanquam
486 605 677 690 magistram
700 604 809 688 habet,
833 624 905 668 cum
930 625 1002 666 enm
1027 601 1140 666 doceat
1162 600 1249 666 lovis
1272 603 1354 666 iram
1377 623 1444 666 non
1464 622 1533 665 esse

228 710 450 775 concitandam
473 711 580 776 Prom.
604 734 632 777 v.
646 713 724 777 391:
748 706 766 776 ί
794 709 847 795 σὴ,
871 709 1074 796 Προμηθεῦ,
1098 704 1489 794 avocationemque.

316 817 488 902 Reliquum
508 824 565 903 est,
589 824 626 884 ut
644 820 801 904 imagines
825 819 990 904 addamus,
1013 817 1130 901 quibus
1154 839 1200 900 ea,
1224 838 1305 900 quae
1329 815 1396 879 vita
1415 819 1534 899 carent,

227 923 311 986 vatis
331 947 461 989 munere
476 927 569 1012 fungi
584 926 739 992 videntur.
773 926 810 990 ln
829 925 973 1009 mythice
986 925 1116 990 notione
1131 926 1279 988 versatur
1292 923 1386 989 Eum.
1404 945 1432 990 v.
1451 925 1534 1008 laq,

227 1030 282 1094 ubi
306 1035 393 1095 terra
419 1033 525 1116 prima
547 1036 703 1118 tanquam
732 1033 827 1098 vatis·
844 1032 938 1097 nobis
966 1031 1173 1115 proponitur:
1209 1027 1428 1115 πρῶτονμὲν
1453 1024 1533 1114 εὐχῇ

226 1138 305 1222 τῇδε
337 1137 508 1223 πρεσβεύω
541 1141 632 1204 θεῶν
665 1135 734 1223 Τὴν
766 1136 999 1225 πρωτόμαντιν
1029 1140 1145 1203 Γαῖαν.
1176 1174 1212 1184 -
1243 1137 1364 1202 Verum
1398 1136 1534 1220 denique

228 1247 333 1308 vatem
364 1243 623 1329 Clytaemnestra
651 1248 801 1312 timorem
828 1249 923 1311 vocat
951 1267 989 1310 ex
1018 1244 1152 1309 somniis
1182 1248 1343 1329 exortum,
1371 1243 1426 1308 ubi
1454 1243 1535 1308 vidit

227 1349 290 1414 sihi
318 1352 381 1434 ipsi
404 1350 550 1416 Orestem
579 1357 717 1418 mortem
747 1375 816 1416 esse
844 1354 1016 1417 allaturum
1045 1350 1188 1436 Choeph.
1216 1374 1243 1415 v.
1265 1351 1344 1416 929:
1377 1339 1398 1434 ἦ
1429 1345 1534 1433 κάρτα

227 1451 345 1538 μάντις
368 1452 426 1535 οὑξ
451 1454 634 1543 ὀνειράτων
653 1457 768 1544 φόβος.
805 1457 853 1524 Cf.
878 1459 977 1524 eiusd.
998 1458 1019 1521 f.
1038 1481 1067 1522 v.
1082 1458 1125 1522 32
1141 1480 1200 1542 sq.:
1223 1452 1321 1543 τορός
1344 1453 1409 1540 γάρ
1433 1451 1535 1541 ὀρθό-

227 1561 306 1646 θριξ
330 1559 446 1647 φόβος,
473 1562 598 1649 Δόμων
622 1561 860 1652 ὀνειρόμαντις.
906 1563 993 1650 (Vid.
1017 1588 1047 1649 p.
1064 1552 1129 1650 10)'.

777 1818 916 1911 Caput
947 1817 984 1891 (1.

845 1978 865 2058 ἓ
890 1977 917 2042 6.

291 2081 335 2147 De
355 2081 670 2149 conformationibus
690 2082 809 2149 tractis
829 2082 1011 2170 acorporis
1030 2081 1164 2159 humani
1183 2080 1271 2147 motu
1290 2080 1324 2146 et
1342 2079 1473 2148 actione

673 2191 806 2258 eonscia
824 2190 932 2256 mente
950 2189 1086 2258 effectis.

318 2314 520 2399 Praeponere
544 2314 624 2378 mihi
647 2315 744 2380 liceat
767 2315 942 2380 nonnullas
967 2314 1210 2397 translationes,
1235 2314 1351 2399 quibus
1375 2335 1425 2398 ea,
1454 2334 1535 2398 quae

230 2444 289 2488 nec
311 2424 382 2488 visu
401 2445 459 2488 nec
478 2425 568 2487 tactu
591 2425 667 2486 sunt
686 2419 913 2507 manifesta⁷²)‚
936 2421 1120 2507 praesentia
1139 2421 1262 2485 stantia
1281 2420 1427 2485 sedentia
1446 2419 1535 2484 effin-

232 2535 355 2613 guntur.
392 2529 550 2612 Exempla
568 2527 643 2612 quia
661 2551 720 2612 per
743 2551 776 2593 se
799 2529 969 2613 perspicua
989 2530 1073 2613 sunt,
1096 2550 1192 2611 quam
1213 2526 1400 2591 brevissime
1422 2525 1535 2591 afferre

232 2636 307 2700 satis
330 2638 473 2720 habete,
496 2636 685 2720 praesertim
710 2658 791 2721 quae
815 2637 893 2720 quin
915 2637 988 2719 plus
1011 2636 1118 2700 minus
1142 2657 1203 2699 usu
1228 2636 1294 2699 sint
1317 2634 1429 2699 attrita
1453 2638 1486 2697 et
1509 2633 1536 2698 si

229 2764 294 2806 non
317 2744 434 2827 omnia,
458 2747 492 2808 at
516 2747 600 2806 certe
625 2745 798 2809 maximam
822 2748 949 2828 partem
972 2765 1011 2807 ex
1034 2741 1179 2826 mythice
1202 2740 1355 2825 opinione
1379 2740 1536 2824 originem

231 2849 387 2934 duxerint,
410 2851 552 2915 dubitari
575 2855 722 2933 nequeat.
759 2849 889 2915 Iustitia
913 2849 1075 2932 Polynicis
1099 2848 1196 2913 factis
1220 2853 1253 2912 et
1276 2846 1419 2912 consiliis
1444 2846 1536 2932 quasi

232 2956 322 3020 adest
345 2956 430 3042 Sept.
453 2980 481 3022 v.
503 2957 568 3022 662
584 2978 696 3040 sq.:...
719 2950 739 3039 ἡ
766 2951 850 3034 Διὸς
872 2966 950 3032 παῖς
972 2953 1142 3040 παρθένος
1166 2957 1253 3037 Δίκη
1277 2955 1388 3039 παρῆν
1403 2948 1538 3036 Ἔργοις

230 3060 359 3126 ἐκείνου
386 3061 440 3127 καὶ
469 3065 597 3148 φρεσίν.
645 3059 692 3126 Of.
722 3060 865 3147 Ohoeph.
890 3085 917 3127 v.
938 3063 1004 3126 244
1019 3083 1078 3147 sqq
1112 3059 1221 3146 Suppl.
1249 3083 1278 3126 v.
1301 3061 1384 3126 1038
1401 3083 1469 3145 sqq.
1492 3096 1537 3106 -

228 3167 322 3233 Haud
347 3171 483 3234 multum
512 3170 553 3233 ah
582 3169 633 3234 his
664 3169 743 3234 locis
767 3168 952 3252 discrepant
981 3173 1013 3234 et
1036 3168 1124 3233 Pers.
1142 3190 1170 3233 v.
1190 3169 1254 3233 391
1272 3191 1331 3254 sq,
1359 3169 1413 3232 uhi
1439 3169 1537 3232 timor

227 3297 382 3359 praesens
406 3279 551 3341 vocatur:
585 3271 691 3360 φόβος
714 3271 751 3339 δὲ
775 3277 855 3339 πάσι
878 3271 1063 3360 βαρβάροις
1085 3275 1195 3361 παρῆν
1219 3271 1359 3358 Γνώμης
1386 3269 1536 3359 ἀποσφα-

229 3385 360 3464 λεῖσιν,
385 3387 417 3446 et
435 3381 520 3466 Sept.
544 3383 692 3465 v.,1041‚
721 3383 776 3446 ubi
799 3381 982 3447 fortitudini
1005 3383 1089 3448 ratio
1114 3382 1244 3447 consilii
1266 3381 1460 3466 exsequendi
1483 3382 1537 3446 ad-

228 3487 338 3552 futura
366 3488 504 3554 videtur:
541 3485 662 3575 θάρσει
671 3486 711 3574 ⁷³)
744 3487 903 3574 παρέσται
934 3485 1064 3573 μηχανὴ
1094 3485 1303 3574 δραστήριος.
1332 3523 1373 3533 -—
1401 3488 1536 3553 Inverso

230 3595 325 3659 modo
353 3597 525 3662 translatio
556 3597 696 3661 cernitur
719 3594 807 3660 Pers.
835 3618 863 3660 v.
885 3597 961 3679 176,
990 3597 1045 3660 uhi
1070 3596 1190 3660 Atossa
1218 3617 1285 3659 una
1307 3598 1464 3679 tanquam
1488 3598 1538 3659 est

229 3723 300 3764 cum
316 3704 463 3766 somniis:
478 3692 614 3780 πολλοῖς
628 3700 689 3787 μὲν
704 3698 756 3767 ἀεὶ
771 3701 943 3787 νυκτέροις
958 3697 1106 3785 ὀνείρασι
1121 3698 1269 3786 Ξόνειμι.
1285 3739 1326 3747 —
1343 3699 1536 3784 Saepissime

229 3807 343 3872 deinde
369 3808 534 3871 abstracta
561 3809 626 3872 iam
650 3809 722 3874 inde
747 3810 787 3874 ab
812 3808 945 3874 Homeri
968 3810 1169 3893 temporibus
1198 3831 1270 3873 cum
1295 3808 1400 3873 verbis
1430 3807 1537 3872 standi

232 3917 288 3977 aut
316 3914 445 3978 sedendi
470 3915 717 4000 coniunguntur.
754 3915 804 3980 Ex
829 3915 988 3998 Aeschylo
1017 3916 1138 3999 petitae
1165 3915 1264 3980 haece
1291 3913 1450 4000 imagines
1473 3914 1537 3979 huc

231 4022 407 4104 pertinent:
441 4019 582 4105 Choeph.
612 4045 640 4085 v.
659 4023 702 4086 54
717 4045 798 4107 sqq:
829 4020 927 4104 σέβας
955 4016 986 4086 δ’
1012 4017 1142 4106 ἀμαχον
1165 4015 1339 4104 ἀδάματον
1366 4015 1537 4104 ἀπόλεμον

230 4121 268 4192 τὸ
291 4124 371 4212 πρὶν
391 4125 448 4192 Δι’
476 4124 571 4193 όότων
596 4124 720 4213 φρενός
742 4152 776 4194 τε
800 4129 920 4212 δαμίας
942 4137 1104 4213 περαῖνον
1122 4128 1200 4192 Νῦν
1224 4121 1427 4212 ἀφίσταται,
1455 4139 1536 4210 quac

230 4235 327 4298 verba
351 4219 540 4300 Schuethius
564 4234 636 4322 (III,
660 4257 773 4301 comm.
796 4260 827 4320 p.
846 4235 901 4320 19)
926 4236 972 4300 sic
995 4235 1148 4319 explieat:
1174 4236 1346 4319 „maiestas
1370 4234 1428 4298 illa
1450 4233 1536 4318 regis

192 4347 195 4354 '
232 4364 333 4426 nuper
361 4343 636 4428 inexpugnabilis,
664 4343 836 4427 indomita,
867 4341 999 4426 invicta,
1027 4342 1062 4406 in
1090 4343 1233 4407 omnium
1263 4343 1381 4407 civium
1405 4340 1537 4405 auribus

233 4449 412 4534 animisque
438 4454 576 4532 versata,
605 4472 690 4513 nunc
713 4450 866 4514 recessit“
893 4453 925 4513 et
947 4452 1101 4534 tanquam
1130 4449 1241 4533 procul
1264 4452 1337 4512 stat.
1362 4483 1402 4493 —
1427 4446 1537 4512 Verbo

232 4547 429 4620 ἀποστατεῖν
451 4556 656 4619 illustrantur
678 4551 796 4620 Hestiai
820 4556 936 4641 fragm.
953 4555 1024 4640 156,
1043 4557 1077 4620 4:
1101 4554 1208 4641 μόνον
1230 4554 1286 4639 (sc.
1305 4549 1475 4638 Θανάτου)
1500 4549 1537 4618 δὲ

233 4657 349 4726 Πειθω
378 4657 550 4745 δαιμόνων
578 4654 756 4726 ἀποστατεῖ
784 4660 838 4744 (cf.
862 4663 977 4746 fragm.
1006 4664 1098 4748 287„
1136 4657 1198 4745 ἀτη
1226 4659 1370 4746 Choeph.
1400 4682 1429 4724 r.
1455 4660 1536 4724 826:

231 4761 293 4830 ἀτα
321 4761 353 4832 δ’
383 4763 562 4832 ἀποστατεῖ
591 4770 724 4852 φίλων.;
757 4766 855 4851 θέμις
881 4768 975 4832 Εαιο.
1004 4792 1033 4834 v.
1051 4769 1130 4834 414:
1163 4764 1278 4851 πρόσω
1310 4769 1451 4832 δικαίων
1478 4759 1534 4850 ἥδ’

231 4871 408 4938 ἀποστατεῖ
429 4874 550 4958 δέμας
580 4869 664 4957 ἀλκή
687 4874 749 4957 Ag.
773 4897 800 4938 v.
825 4876 907 4939 1103
922 4896 981 4958 sq:
1010 4869 1093 4940 ἀλκά
1123 4869 1154 4941 δ’
1181 4871 1257 4950 ἑκάς
1284 4869 1469 4939 ἀποστατεῖ.
1496 4909 1531 4918 -
