3610 5542
752 365 969 430 -29..

207 543 271 605 qua
300 526 387 586 terra
409 521 552 606 Neptuni
581 522 721 588 tridente
749 545 905 588 concussa
934 525 1047 590 morbo
1075 531 1224 608 correpta
1249 526 1384 612 fingitur
1408 526 1513 591 Prom.

208 649 236 691 v.
259 628 338 691 924:
379 631 569 693 θαλασσίαν
601 651 635 692 τε
662 631 724 712 γῆς
750 627 961 714 τινάκτειραν
994 625 1100 695 νόσον
1132 633 1294 715 Τρίαιναν
1322 629 1444 716 κτλῦθ).
1471 670 1515 678 -

208 734 340 818 Integra
360 735 542 800 valetudine
570 738 702 800 utuntur
725 735 794 800 Nili
813 759 915 820 aquae
935 735 1044 820 Suppl.
1067 759 1095 802 v.
1110 738 1189 802 561:
1214 732 1307 820 ὕδωρ
1330 733 1368 803 τὸ
1390 743 1516 803 Νείλου

208 837 322 917 νόσοις
345 836 497 907 ἄθικτον.
518 879 556 887 -
580 840 724 906 Vulnera
747 843 824 907 urbs
848 843 964 926 accipit
991 843 1049 928 Ag.
1073 866 1102 908 v.
1117 845 1196 908 640:
1220 841 1321 910 πόλει
1337 842 1398 928 μὲν
1422 844 1516 922 ἕλκος

207 947 245 1010 ἓν
272 942 310 1012 τὸ
340 943 462 1031 δήμιον
489 959 610 1032 τυχεῖν.
653 948 741 1025 Quae
764 950 899 1034 quidem
927 951 1119 1034 metaphora
1151 954 1183 1014 et
1211 951 1245 1014 in
1273 951 1386 1036 lingua
1413 951 1516 1016 latina

207 1055 367 1137 reperitur
391 1052 452 1138 (rei
475 1055 624 1138 publicae
647 1056 782 1120 vulnera
805 1055 947 1142 inurere)
971 1060 1003 1120 et
1026 1056 1111 1140 apud
1134 1060 1297 1122 nostrates
1322 1055 1408 1141 (dem
1428 1061 1517 1122 staat

207 1161 345 1225 wunden
375 1158 555 1247 schlagen).
583 1199 625 1208 -
653 1161 842 1227 Dominatic
871 1164 928 1227 illo
957 1163 1087 1228 laborat
1115 1164 1242 1247 morbo,
1271 1167 1308 1228 ut
1334 1185 1374 1227 ne
1402 1164 1515 1230 amicis

207 1269 336 1352 quidem
364 1269 460 1333 fidem
488 1270 607 1334 habeat
633 1268 739 1334 Prom.
767 1293 796 1335 r.
820 1272 886 1335 224
905 1293 987 1356 sqq.:
1025 1273 1132 1335 ἔνεστι
1159 1267 1224 1355 γάρ
1252 1291 1321 1347 πως
1347 1271 1447 1336 τοῦτο
1475 1273 1514 1358 τῇ

206 1377 383 1460 τυραννίδι
407 1373 562 1460 Νόσημα,
585 1386 655 1451 τοῖς
678 1379 806 1459 φίλοισι
829 1373 873 1460 μὴ
898 1375 1104 1442 πεποιθέναι.
1129 1414 1170 1423 -
1195 1376 1243 1441 De
1266 1375 1372 1442 Prom.
1398 1401 1425 1442 v.
1449 1379 1514 1444 378

210 1481 271 1547 vid.
296 1485 316 1562 ξ
335 1483 373 1567 5,
400 1507 431 1568 p.
450 1484 502 1550 36.
525 1521 566 1530 -
591 1483 738 1548 Breviter
761 1482 897 1567 denique
916 1483 1160 1566 perstrinxerim
1183 1483 1264 1568 frag.
1283 1484 1361 1548 390:
1385 1481 1514 1569 μάχλον

207 1583 372 1672 ἄμπελον,
401 1612 463 1674 quo
489 1591 633 1674 eorporis
659 1589 895 1654 incontinentia
918 1593 1014 1674 atque
1039 1589 1143 1655 libido
1170 1591 1229 1654 viti
1257 1579 1435 1656 luxurianti
1457 1592 1516 1656 tri-

206 1695 326 1762 buitur.

296 1801 365 1867 Iam
390 1826 464 1869 vero
489 1805 641 1890 quoniam
664 1805 946 1889 conformationes,
970 1805 1085 1889 quibus
1109 1803 1292 1890 Aeschylus
1316 1805 1420 1870 solum
1447 1828 1515 1871 cor·

206 1929 268 1993 pus
290 1909 469 1976 humanum
493 1913 649 1977 concretis
673 1912 910 1996 abstractisque
937 1911 1038 1994 dedit,
1065 1912 1349 1996 pertractavimus,
1376 1913 1515 1976 transla-

206 2015 311 2079 tiones
343 2017 423 2082 mihi
457 2018 668 2082 effundendae
701 2041 770 2083 esse
806 2018 955 2082 ridentur
987 2039 1024 2082 ea
1061 2019 1186 2081 ratione
1219 2018 1357 2102 effictae,
1394 2022 1432 2082 ut
1462 2040 1514 2083 res

206 2122 368 2188 inanimae
397 2127 430 2188 et
454 2125 572 2189 mentis
595 2127 745 2190 notiones
774 2126 918 2208 corporis
941 2109 1074 2188 humani
1099 2126 1205 2207 specie
1228 2126 1276 2188 ita
1299 2125 1392 2210 quasi
1419 2124 1513 2190 indu-

207 2233 315 2310 antur,
342 2233 380 2294 ut
406 2231 471 2295 iam
500 2239 551 2315 ea,
581 2254 663 2316 quae
691 2231 809 2296 mentis
837 2232 968 2316 propria
996 2235 1084 2315 sunt,
1117 2233 1190 2314 plus
1213 2232 1321 2296 minus
1345 2232 1513 2298 addantur.

208 2334 281 2399 Huc
304 2357 359 2400 eas
382 2337 542 2422 imagines
565 2339 682 2421 refero,
711 2338 827 2422 quibus
851 2340 907 2402 aut
929 2338 1181 2403 necessitudines
1210 2341 1243 2400 et
1265 2339 1408 2402 rationes
1431 2340 1515 2404 inter

206 2441 355 2508 homines
379 2444 614 2509 intercedentes
645 2446 701 2508 aut
724 2444 869 2526 corporis
892 2447 999 2509 motus
1028 2448 1061 2510 et
1083 2445 1227 2509 actiones
1255 2445 1385 2508 conscia
1406 2449 1514 2510 mente
1593 2450 1601 2465 “

205 2549 336 2614 effectae
359 2549 400 2614 ad
423 2572 474 2615 res
498 2573 595 2616 sensu
618 2555 763 2617 carentes
786 2552 1033 2618 transferuntur.

751 2839 890 2934 Oaput
919 2839 960 2913 B.

821 3033 894 3113 ss.

337 3156 384 3222 lle
404 3156 718 3224 conformationibus
738 3175 756 3222 ο
774 3155 877 3222 variis
895 3155 1060 3222 boninum
1079 3155 1377 3224 necessitudinibus

666 3263 902 3330 atrotioribus
921 3263 1046 3350 petitis.

292 3405 332 3469 In
354 3405 540 3472 huiusmodi
562 3406 759 3492 imaginibus
787 3406 977 3492 colligendis
1005 3406 1179 3472 tenendum
1206 3406 1332 3472 videtur
1358 3407 1512 3490 rationes,

206 3532 287 3595 quae
315 3512 401 3577 inter
428 3515 575 3579 homines
603 3514 818 3598 intercedant,
849 3517 906 3578 aut
932 3515 1003 3598 ipso
1033 3519 1107 3579 ortu
1134 3517 1229 3578 natas
1258 3515 1298 3578 ad
1325 3515 1511 3599 propinqui·

204 3623 305 3684 tatem
329 3622 488 3705 pertinere
517 3625 574 3686 aut
589 3642 618 3684 e
641 3620 740 3686 variis
767 3621 853 3684 vitae
877 3621 1119 3686 condicionibus
1147 3619 1294 3705 pendere.
1340 3620 1442 3697 Quam
1468 3621 1509 3686 ob

205 3748 272 3791 rem
301 3727 496 3812 incipiamus
525 3728 565 3793 ab
595 3727 634 3790 iis
662 3726 872 3811 metaphoris,
900 3727 1016 3811 quibus
1039 3725 1223 3811 Aeschylus
1251 3727 1456 3812 cognationis
1480 3731 1512 3791 et

205 3834 499 3919 consanguinitatis
528 3834 670 3918 vincula,
700 3835 816 3918 quibus
844 3835 993 3900 homines
1022 3836 1106 3899 inter
1130 3856 1163 3898 se
1190 3835 1443 3919 coniunguntur,
1470 3835 1510 3898 ad

205 3962 252 4024 ea,
276 3962 357 4026 quae
376 3943 453 4006 sunt
471 3941 659 4025 inanimata,
682 3941 875 4006 transduxit.
912 3939 1019 4026 Atque
1038 3941 1200 4006 Tellurem
1225 3944 1347 4005 veteres
1367 3941 1510 4004 omnium

204 4068 311 4112 rerum
339 4048 534 4131 genetricem
562 4052 595 4112 et
621 4051 758 4112 matrem
785 4049 953 4131 putavisse
986 4049 1052 4112 iam
1080 4051 1154 4114 ante
1185 4047 1305 4112 dictum
1334 4051 1392 4113 est.
1438 4047 1510 4112 Huc

204 4155 348 4238 pertinet
369 4153 476 4219 Prom.
503 4177 532 4219 r.
555 4154 613 4218 90:
645 4154 821 4239 παμμῆτορ
843 4156 895 4238 νῆ.
941 4154 1012 4231 Quo
1035 4155 1084 4239 fit,
1112 4157 1149 4217 ut
1171 4156 1281 4238 poeta,
1308 4154 1364 4219 ubi
1387 4153 1511 4218 nullam

205 4261 323 4326 Terrae
348 4261 425 4326 deae
448 4262 609 4326 rationem
631 4261 759 4355 duxisse
782 4261 921 4346 videtur,
948 4261 1054 4326 facere
1076 4283 1143 4326 non
1166 4261 1284 4345 possit,
1307 4260 1384 4343 quin
1407 4263 1510 4325 terras

205 4369 350 4453 singulas
377 4368 491 4434 iisdem
519 4368 585 4432 fere
613 4369 730 4452 quibus
753 4368 843 4433 illam
871 4369 1075 4432 lineamentis
1099 4367 1349 4432 circumscribat.
1394 4366 1509 4450 ltaque

208 4475 450 4561 elegantissima
472 4475 686 4539 translatione
714 4475 856 4558 patriam
882 4477 1002 4538 terram
1030 4475 1148 4539 civium
1176 4479 1209 4539 et
1232 4477 1368 4537 matrem
1396 4475 1429 4536 et
1451 4495 1508 4537 nu-

203 4583 317 4647 tricem
352 4582 505 4648 describit
533 4580 621 4666 Sept.
647 4604 676 4648 v.
698 4584 737 4647 16
754 4604 834 4665 sqq.:
875 4583 924 4668 Γῇ
953 4604 987 4646 τε
1014 4578 1113 4666 μητρὶ
1146 4578 1222 4668 (int.
1251 4578 1313 4665 χρὴ
1341 4573 1509 4665 ἀρήγειν),

204 4685 345 4775 φιλτάτῃ
373 4690 502 4778 τροφῷ·
533 4682 577 4752 Ἡ
596 4684 661 4774 γὰρ
687 4687 784 4766 νέους
812 4687 974 4774 ἕρποντας
996 4683 1130 4773 εὐμενεῖ
1149 4687 1238 4775 πέδῳ
1253 4683 1402 4754 ’Ἀπαντα
1426 4705 1509 4750 παν-

205 4797 352 4862 δοκοῦσα
371 4797 522 4872 παιδείας
529 4790 647 4878 ότλον,
662 4790 839 4882 Ἐθρίψατ’
857 4796 1035 4880 οἰκητῆρας
1048 4789 1303 4879 ἀσπιδηφόρους
1316 4787 1509 4877 Πιστοδςῦἵ)

204 4897 293 4982 ὅπως
320 4901 478 4986 γένοισθε
504 4898 588 4988 πρὸς
614 4901 710 4988 χρέος
735 4897 822 4968 τόδε.
844 4939 889 4949 -
912 4899 1069 4967 Similiter
1096 4902 1316 4968 conformatus
1343 4903 1394 4964 est
1421 4898 1507 4984 Sept.
