3610 5542
754 1162 760 1174 ι
804 1217 926 1298 Pars
963 1217 993 1299 Ι.

412 1383 478 1456 De
506 1381 889 1456 translationibus
918 1382 974 1455 ab
1002 1383 1190 1456 homine
1219 1381 1381 1456 ductis

833 1541 967 1550 ...-

795 1649 935 1746 Caput
962 1650 1004 1723 A.

276 1809 327 1880 De
355 1808 680 1895 translationibus,
708 1809 844 1910 quihus
872 1810 933 1896 iis,
961 1832 1056 1902 quae
1085 1810 1163 1882 vita
1191 1807 1334 1897 carent,
1363 1811 1526 1882 hominis

550 1932 656 2026 quasi
685 1933 824 2026 species
853 1941 891 2007 et
918 1936 1037 2028 figura
1064 1933 1254 2006 tribuitur.

869 2128 941 2207 §L

377 2251 424 2316 De
448 2248 762 2316 conformationibus
786 2249 826 2316 ab
851 2250 921 2337 ipso
946 2269 1084 2337 corpere
1107 2251 1249 2318 humano
1272 2253 1434 2340 repetitis

339 2391 429 2458 Sicut
461 2393 608 2457 homines
641 2393 746 2458 omnis
778 2393 846 2456 fere
879 2394 982 2457 cultus
1015 2399 1048 2458 et
1079 2396 1293 2460 humanitatis
1326 2400 1488 2480 expertes,
1521 2401 1557 2459 ut

249 2500 345 2584 paulo
377 2504 451 2564 ante
482 2500 603 2564 dictum
633 2504 695 2584 est,
723 2500 816 2565 initio
847 2499 892 2563 sic
921 2499 1194 2565 conformationes
1221 2501 1343 2587 fingere
1374 2503 1491 2587 solent,
1520 2507 1557 2567 ut

250 2629 342 2671 suurn
367 2629 483 2690 corpus
506 2628 563 2690 per
587 2607 817 2671 similitudinis·
830 2608 991 2672 rationem
1015 2607 1111 2671 rebus
1134 2611 1268 2671 naturae
1292 2609 1488 2693 attribuant,
1511 2610 1558 2673 ita

249 2713 345 2778 nobis
369 2735 496 2797 quoque
520 2712 561 2776 ab
585 2713 646 2777 hoc
665 2713 770 2796 primo
789 2713 1016 2778 translationis
1036 2734 1153 2798 genere
1173 2715 1300 2778 initium
1320 2737 1432 2800 capere
1452 2717 1557 2780 visum

250 2824 315 2904 est,
339 2822 434 2903 atque
458 2820 504 2883 ita
528 2818 671 2903 quidem,
698 2824 735 2883 ut
758 2821 898 2903 primum
926 2823 960 2885 in
986 2843 1023 2886 ea
1045 2821 1281 2905 inquireremus
1306 2823 1466 2906 exempla,
1490 2822 1558 2906 qui-

250 2928 310 2992 bus
333 2929 439 2992 totum
463 2926 556 3011 quasi
579 2926 720 2991 hominis
745 2949 860 3010 corpus
885 2928 981 2991 rebus
1005 2927 1159 3012 induitur,
1182 2928 1296 2992 deinde
1319 2950 1373 2993 eas
1397 2929 1558 3013 imagines

251 3033 533 3118 perlustraremus,
571 3033 687 3117 quihus
725 3033 870 3117 singulae
908 3035 976 3098 eius
1014 3039 1124 3118 partes
1163 3035 1301 3119 figurate
1339 3025 1557 3121 ponunturffl),
1608 3107 1610 3111 ⁸

250 3141 347 3205 tertio
381 3140 516 3225 denique
550 3140 622 3204 loco
655 3162 709 3203 eas
743 3140 951 3222 metaphoras
989 3144 1223 3224 excuteremus,
1261 3142 1377 3226 quibus
1411 3143 1557 3227 singulae

253 3249 397 3332 corporis
421 3251 530 3331 partes
554 3270 611 3331 per
635 3248 858 3331 synecdochen
881 3250 973 3332 qnasi
997 3249 1047 3314 sui
1071 3249 1151 3313 iuris
1174 3270 1331 3331 personae
1351 3247 1556 3332 effinguntur.

342 3355 450 3438 Atque
479 3354 541 3418 duo
570 3354 655 3438 apud
686 3354 882 3437 Aeschylum
912 3358 1042 3419 exstant
1071 3354 1230 3439 exempla,
1259 3354 1374 3439 quibus
1403 3358 1558 3438 tanquam

252 3455 359 3526 totum
388 3483 503 3545 corpus
532 3462 571 3525 ad
600 3484 652 3544 ea,
681 3483 762 3545 quae
787 3465 861 3524 sunt
884 3460 1077 3546 inanimata,
1106 3459 1314 3544 transfertur,
1338 3462 1474 3525 alterum
1497 3461 1558 3547 Ag.

255 3591 284 3632 v.
299 3565 424 3653 69211):
526 3569 663 3632 ἔπλευσε
693 3565 837 3650 ζεφύρου
863 3569 1021 3650 γίγαντος
1049 3563 1151 3654 αὔρᾳ,
1184 3568 1203 3631 i.
1227 3590 1253 3631 e.
1281 3567 1411 3632 Troiam
1435 3567 1559 3649 Helena

253 3675 397 3758 profecta
420 3677 470 3739 est
488 3674 637 3759 Zephyro
661 3675 760 3754 flante
780 3675 940 3758 Giganteo
966 3673 999 3760 (i.
1015 3698 1040 3739 e.
1063 3676 1205 3758 immani,
1228 3674 1418 3758 vehementi,
1442 3697 1560 3760 magna

253 3781 286 3845 vi
308 3779 479 3868 praedito).
525 3781 629 3858 Quam
658 3782 813 3846 traditam
843 3781 1035 3864 scripturam
1065 3803 1135 3844 mea
1159 3781 1286 3865 quidem
1312 3781 1471 3844 sententia
1494 3804 1558 3845 ree-

254 3887 378 3952 tissime
406 3887 612 3953 Hermannus
641 3888 828 3954 Dindorfius
862 3888 917 3951 alii
950 3890 1135 3971 servarunt,
1167 3887 1285 3971 quippe
1319 3909 1390 3952 cum
1423 3889 1510 3952 venti
1543 3910 1559 3951 e

254 3994 407 4058 Titanum
424 3995 581 4080 sanguine
595 3993 710 4081 nasim)
725 3996 859 4059 numina
873 3995 986 4058 crediti
1006 3996 1080 4060 sint.
1118 3994 1323 4078 Quapropter
1337 3993 1419 4058 nihil
1437 3994 1560 4058 videtur

204 4171 207 4176 ,
255 4123 325 4164 esse
354 4122 484 4186 causae,
517 4124 572 4165 cur
600 4102 736 4166 Weilius
765 4106 798 4166 et
825 4101 966 4166 Keckius
1000 4105 1113 4166 contra
1145 4102 1301 4165 librorum
1334 4102 1560 4165 auctoritatem

255 4211 431 4292 contraque
460 4209 601 4292 glossam
631 4209 787 4293 Hesychii
816 4205 1000 4292 „psyoitom
1033 4207 1189 4293 ἰσχυροῦ,
1217 4202 1435 4292 ὑπερφυοῦῴι
1463 4208 1561 4292 expli-

256 4308 359 4378 cantis
396 4315 430 4378 in
463 4336 540 4378 voce
572 4318 728 4398 γίγαντος
761 4315 960 4380 offenderint.
1010 4314 1154 4390 Quorum
1185 4314 1239 4378 ille
1276 4315 1404 4398 quidem
1441 4314 1562 4378 tradita

257 4421 416 4504 scriptura
439 4421 473 4483 in
496 4424 620 4484 textum
644 4425 773 4507 recepta
800 4422 835 4484 in
862 4423 1070 4486 adnotatione
1099 4424 1228 4486 tanturn
1255 4417 1394 4496 πιαντός
1422 4422 1561 4486 scriben-

258 4529 333 4592 dum
354 4549 424 4592 esse
444 4526 589 4610 coniecit,
612 4528 660 4592 ita
678 4530 714 4592 ut
732 4527 880 4611 Zephyro
904 4529 1007 4612 „elata
1027 4528 1077 4592 rel
1095 4527 1201 4592 laeta“
1223 4527 1349 4593 Helena
1368 4529 1561 4612 appelletur,

256 4634 308 4698 hic
332 4656 409 4700 vero
432 4629 615 4718 πιπράντος
638 4631 671 4716 (i.
695 4657 720 4699 e.
745 4633 869 4720 flantis)
894 4635 1031 4720 scripsit,
1055 4658 1127 4700 cum
1150 4636 1219 4699 fieri
1242 4659 1309 4701 non
1332 4623 1561 4719 potuissetut

257 4743 354 4824 poeta
371 4744 482 4805 noster
500 4745 567 4806 tam
589 4741 697 4825 inepte
717 4744 750 4804 et
765 4742 910 4807 absurde
930 4746 1035 4826 vento,
1058 4743 1112 4827 qui
1132 4741 1237 4826 speeie
1256 4746 1289 4806 et
1306 4742 1413 4806 forma
1430 4748 1562 4826 careret,

258 4869 351 4930 quem
375 4869 468 4910 nemo
493 4868 621 4912 cernere
644 4852 766 4931 posset,
794 4849 960 4932 epitheton
984 4848 1088 4932 daret,
1116 4849 1201 4933 quod
1229 4848 1290 4913 nisi
1320 4849 1360 4912 ad
1388 4850 1561 4914 immanem
