3610 5542
827 351 1047 416 ..53.-

285 538 343 592 τας
359 507 517 598 ’ἀρχαίαν
550 510 663 598 φύσιν.
700 489 735 560 -’
772 509 904 576 Crudeli
937 511 1069 577 maxilla
1107 533 1226 577 cuneus
1259 511 1444 577 Promethei
1475 515 1589 598 pectus

284 623 422 706 percutit
445 621 550 686 Prom.
573 644 601 685 v.
624 621 681 685 64:
704 615 935 702 ἀδαμαντίνου
959 670 965 684 .
985 669 1019 684 ..
1044 614 1174 702 σφηνὸς
1197 613 1332 702 αόθόδη
1357 615 1499 702 γνόθον.
1541 619 1588 686 Of.

284 727 393 794 Hom:
420 726 514 813 νηλέι
542 729 661 816 χαλκῷ.
688 763 724 772 -
762 728 867 810 Atque
896 725 1012 790 Phinei
1045 725 1177 790 maxilla
1204 748 1262 810 per
1290 725 1514 809 synecdochen
1543 728 1590 792 ita

284 834 464 918 extollitur,
487 840 523 900 ut
551 857 690 917 summa,
719 855 800 918 quae
828 835 935 917 ipsum
963 832 1096 896 incessit
1126 832 1241 896 edendi
1269 832 1400 916 cupido,
1431 833 1471 897 ad
1499 834 1589 898 illam

283 942 496 1006 transferatur
523 942 640 1028 fragm.
664 941 741 1006 251:
771 937 827 1004 καὶ
857 936 1084 1018 ψευδόδειπνα
1115 934 1220 1004 πολλὰ
1249 936 1428 1023 μαργώσης
1455 937 1590 1023 γνάθον

277 1041 490 1134 Ἐρρυζίαζον
509 1047 676 1134 ,στόματος
699 1047 736 1113 έν
759 1043 872 1133 πρώτη
896 1047 991 1132 χαρᾷ.

371 1154 485 1221 Cervix
517 1158 567 1222 vel
600 1161 727 1242 tergum
760 1155 841 1220 mari
874 1154 983 1233 datur,
1021 1154 1072 1218 oui
1106 1154 1220 1239 iugum
1254 1153 1420 1236 imponere
1453 1158 1588 1220 conatur

282 1262 417 1346 Xerxes,
440 1264 528 1327 velut
550 1264 578 1328 si
600 1265 780 1329 iumentum
805 1263 849 1328 sit
870 1262 958 1327 Pers.
982 1283 1011 1326 v.
1035 1263 1090 1326 72:
1119 1257 1219 1343 ζυγὸν
1247 1254 1449 1344 ἀμφιβαλών
1473 1257 1588 1346 αὐχένι

282 1365 410 1433 πόντου
433 1367 486 1455 (cf.
506 1371 548 1434 ib.
567 1393 596 1435 v.
617 1369 704 1457 722).
751 1370 797 1436 Ut
819 1370 920 1454 igitur
942 1369 1004 1433 hoc
1027 1369 1099 1432 loco
1123 1389 1210 1431 marc
1233 1367 1349 1452 ingens
1374 1369 1494 1432 animal
1517 1391 1587 1434 esse

281 1475 415 1560 videtur,
438 1477 484 1540 ita
507 1498 580 1541 cum
604 1499 696 1543 servo
720 1480 926 1560 comparatur
948 1475 1035 1540 Pers.
1058 1497 1086 1538 τ.
1108 1474 1173 1540 745
1194 1496 1254 1558 sq.:
1278 1467 1369 1550 ὅστις
1387 1467 1587 1559 Ἑλλήσπον·

250 1605 340 1674 ,τον
372 1578 449 1667 έρδν
481 1585 607 1649 δοῦλον
639 1577 684 1661 δός
717 1579 932 1667 δεσμώμασιν
955 1577 1096 1646 Ἤλπισε
1129 1576 1265 1665 σχήσειν
1386 1619 1423 1628 -
1454 1581 1503 1646 Dc
1526 1583 1587 1668 Ag.

280 1711 309 1752 v.
329 1689 394 1754 286
416 1690 478 1755 vid.
498 1694 517 1770 ξ
536 1693 567 1774 1,
591 1714 621 1774 p.
644 1690 692 1755 15.
717 1727 757 1738 -—
784 1690 871 1767 Quos
896 1689 935 1754 ad
959 1689 1046 1754 locos
1068 1689 1214 1772 proxime
1238 1688 1361 1754 accedit
1384 1687 1446 1772 Ag.
1465 1711 1493 1754 v.
1508 1689 1587 1754 529:

279 1792 412 1861 τοιόνδε
435 1799 537 1884 Τροίᾳ
555 1791 744 1882 περιβαλών
764 1793 978 1880 ζευκτήριον.
993 1845 999 1859 .
1014 1843 1038 1876 .,
1062 1795 1209 1879 quamvis
1228 1795 1385 1860 incertum
1405 1795 1456 1874 sit,
1478 1799 1587 1860 utrum

281 1902 341 1967 hae
364 1903 577 1968 translatione
601 1904 782 1968 animal-
808 1903 841 1967 id
865 1903 951 1988 quod
975 1901 1054 1966 mihi
1079 1901 1207 1986 quidem
1231 1902 1436 1968 verisimilius
1458 1902 1587 1968 videtur

281 2009 407 2075 collatis
424 2012 483 2095 Ag.
498 2034 525 2076 v.
545 2011 605 2075 131
622 2033 701 2095 sqq,
727 2011 782 2075 ubi
802 2007 942 2094 στόμιον
961 2009 1076 2074 Troiae
1095 2009 1226 2074 inicitur
1243 2007 1298 2098 (ef.
1313 2012 1333 2090 ξ
1351 2011 1400 2093 10,
1415 2033 1445 2094 p.
1460 2007 1519 2097 54)
1536 2047 1586 2094 —,

281 2117 474 2201 spectaverit
496 2122 593 2201 poeta
616 2141 659 2182 an
680 2119 854 2183 hominem.
899 2117 984 2183 Utut
1007 2139 1082 2182 vero
1107 2121 1170 2198 est,
1198 2117 1295 2181 etiam
1320 2116 1442 2181 Keclrio
1465 2118 1499 2181 in
1522 2121 1586 2182 tra·

280 2223 355 2288 ditis
378 2224 497 2307 verbis,
525 2246 607 2309 quae
631 2247 725 2289 nemo
755 2225 858 2290 adhuc
886 2227 1109 2309 praeteream
1133 2224 1167 2288 in
1190 2223 1426 2288 dubitationem
1449 2225 1585 2309 vocavit,

280 2331 546 2414 acquiescendum
578 2353 680 2416 neque
713 2333 827 2416 Τρωσί
857 2330 1059 2395 scribendum
1093 2334 1170 2395 erat.
1217 2330 1307 2407 Quae
1336 2331 1422 2395 enim
1448 2332 1586 2415 protulit

278 2438 328 2502 vir
356 2437 469 2503 doctus
498 2441 690 2524 argumenta
718 2435 764 2525 (p.
789 2433 946 2524 296),‘nt
974 2460 1065 2502 suam
1094 2436 1335 2502 commendaret
1357 2437 1584 2522 coniecturam,

279 2565 351 2608 cum
378 2545 570 2609 vocabulum
599 2543 772 2630 ,,Τροίαν“
798 2544 864 2608 iam
888 2567 916 2608 v.
940 2544 1005 2610 525
1034 2545 1185 2627 inveniri,
1212 2547 1282 2608 tum
1305 2543 1584 2628 Agamemnonem

278 2672 390 2735 reapse
419 2673 485 2716 non
513 2652 575 2736 ipsi
605 2653 690 2736 urbi,
722 2673 832 2715 verum
861 2651 1050 2716 mulieribus
1080 2651 1252 2734 puerisque
1284 2647 1476 2736 ζευκτήριον
1503 2653 1584 2718 illud

278 2757 438 2842 iniecisse,
470 2781 508 2824 ea
540 2759 668 2842 quidem
701 2759 822 2823 nullius
854 2758 922 2823 fere
949 2757 1104 2822 momenti
1134 2779 1206 2822 esse
1233 2757 1391 2824 videntur.
1436 2757 1490 2823 An
1517 2782 1584 2824 non

279 2869 447 2930 sexcentae
480 2864 664 2930 huiusmodi
698 2864 916 2948 metonymice
950 2886 988 2928 ex
1020 2867 1188 2947 poctarum
1222 2865 1418 2929 carminibus
1447 2871 1584 2950 possunt

279 2971 407 3037 afferri?

365 3079 505 3144 Pedibus
537 3080 676 3145 leoninis
704 3081 806 3164 pelvis
839 3079 961 3144 incedit
988 3079 1040 3144 τε]
1072 3079 1180 3163 potius
1211 3079 1334 3143 insistit
1361 3078 1477 3164 fragm.
1501 3080 1582 3145 224:

279 3181 574 3272 λεοντοβόμωνιθὸ)
597 3187 664 3250 ποῦ
688 3183 799 3270 σκόφη
822 3183 1050 3271 χαλκήλατος;.

367 3291 510 3358 Transeo
543 3292 583 3357 ad
614 3293 821 3377 metaphoras
854 3293 893 3358 de
926 3292 1040 3357 avibus
1068 3297 1228 3377 sumptas,
1256 3293 1373 3377 quibus
1401 3291 1581 3377 Aeschylus

280 3399 437 3483 imprimis
474 3399 514 3464 ad
547 3399 722 3464 celeritatis
758 3401 924 3464 notionem
961 3399 1203 3484 significandam
1236 3422 1314 3464 usus
1346 3421 1415 3464 esse
1448 3400 1581 3465 videtur.

278 3505 444 3572 Celeribus
469 3507 529 3571 alis
554 3505 642 3571 venti
666 3506 816 3570 instructi
840 3509 917 3570 sunt
940 3505 1046 3570 Prom.
1070 3530 1098 3572 v.
1113 3507 1169 3572 88:
1191 3503 1390 3591 ταχύπτεροι
1413 3509 1522 3572 πνοαί.
1538 3545 1581 3553 —·

278 3612 439 3678 Candidas
471 3617 626 3697 tanquam
660 3613 803 3678 aviculae
834 3613 924 3677 nives
957 3612 995 3677 de
1023 3614 1112 3678 caelo
1141 3612 1292 3677 devolant
1319 3612 1426 3678 Prom.
1449 3634 1478 3676 v.
1502 3614 1580 3680 993:

277 3719 482 3809 λευκοπτέρῳ
511 3716 646 3803 νιφάδι,
680 3743 817 3804 quocum
846 3721 916 3785 loeo
942 3719 1077 3785 Weilius
1105 3723 1272 3803 comparat
1300 3719 1418 3784 Herod.
1441 3718 1499 3803 IV,
1522 3722 1580 3787 31:

277 3828 362 3891 ἔοικε
390 3821 453 3913 γὰρ
481 3821 501 3910 ἡ
525 3822 607 3910 χιών
635 3821 737 3913 (ἁδρή
765 3824 945 3914 πίπτουσα)
973 3837 1130 3912 πτεροῖσι.
1154 3865 1197 3872 -
1221 3826 1364 3891 Similem
1392 3827 1426 3890 in
1450 3827 1579 3893 modum

278 3935 413 3998 navibus
443 3935 512 3998 alae
541 3935 777 4018 impertiuntur.
831 3938 875 3999 Ac
899 3957 1009 3999 revera
1034 3934 1279 3998 similitudinem
1307 3934 1467 4017 quandam
1495 3935 1581 4000 inter

277 4040 384 4105 avium
408 4040 588 4106 volantium
613 4041 752 4125 speciem
770 4041 966 4106 intercedere
985 4045 1018 4106 et
1036 4041 1178 4123 navium,
1200 4040 1266 4104 sive
1286 4039 1383 4104 remis
1402 4061 1458 4105 eae
1478 4063 1579 4126 agun-

276 4149 329 4210 tur
352 4147 419 4211 sive
441 4147 521 4212 velis
545 4146 699 4232 feruntur,
722 4148 775 4211 vix
799 4169 871 4211 eum
894 4146 1024 4232 fugerit,
1048 4146 1102 4231 qui
1127 4169 1143 4211 e
1167 4146 1346 4231 longinquo
1373 4149 1579 4232 conspexerit

199 4282 201 4288 ·
276 4254 449 4340 navigium.
496 4254 568 4319 Huc
592 4258 699 4319 autem
723 4257 873 4337 spectant
895 4254 929 4318 hi
953 4255 1015 4319 looi
1038 4253 1225 4337 Aeschylei:
1249 4252 1337 4317 Pers.
1352 4276 1380 4317 v.
1395 4253 1474 4320 559:
1499 4249 1578 4340 ὁμό-

276 4359 448 4446 πτεροιῐθῖ)
472 4361 557 4438 νᾶες.
605 4359 653 4426 Of.
676 4359 770 4425 Hom.
794 4360 851 4426 Od.
879 4363 928 4443 11,
955 4360 1031 4450 125:
1059 4356 1192 4445 ἐρετμά,
1219 4355 1259 4423 τό
1288 4383 1321 4423 τε
1348 4354 1449 4445 πτερδι
1478 4360 1577 4444 νηυσὶ

276 4467 439 4534 πέλονται.
463 4505 506 4514 -
535 4469 640 4533 Prom.
663 4489 691 4531 v.
715 4467 778 4531 467
804 4488 863 4550 sq.:
892 4463 1194 4550 θαλασσόπλαγκτα
1302 4461 1468 4552 λινόπτερ’
1494 4455 1577 4552 ηὗρε

276 4579 443 4640 ναυτίλων
468 4571 625 4660 ὀχήματα.
671 4573 718 4640 Of.
733 4572 823 4637 Ovid.
837 4573 930 4638 Pont.
944 4574 974 4656 4,
989 4573 1019 4658 5,
1033 4574 1090 4639 42:
1113 4577 1200 4638 rates
1222 4574 1388 4638 velivolae.
1403 4611 1446 4619 -
1465 4571 1576 4658 Suppl.

275 4704 303 4746 v.
328 4683 404 4747 734:
427 4683 505 4765 νήες
528 4675 721 4764 ὠκύπτεροι.
745 4717 787 4728 —-
811 4680 934 4745 Deinde
957 4683 1117 4746 volucrem
1146 4684 1324 4765 serpentem
1353 4684 1449 4764 poeta
1477 4682 1576 4766 sagit·

275 4792 343 4852 tam
373 4789 518 4873 appellat
547 4787 639 4852 Eum.
665 4812 691 4853 v.
719 4789 778 4853 181
805 4811 865 4873 sq.:
897 4783 942 4872 μή
974 4785 1030 4852 καὶ
1064 4788 1214 4871 λαβοῦσα
1245 4781 1373 4871 πτηνὸν
1406 4781 1576 4873 ἀργηστὴν

276 4889 371 4980 ὅφιν,
403 4893 623 4982 Χρυσηλότον
651 4892 823 4980 θώμιγγος
846 4892 1103 4982 ἐξορμώμενον,
1134 4917 1230 4980 quam
1260 4895 1290 4960 ei
1321 4894 1510 4980 imaginem,
1539 4899 1575 4960 ut
