3610 5542
766 372 984 437 „57-

221 535 316 599 bens:
349 531 462 617 ,ἐλπὶς
484 529 605 618 ἀμύνει
628 530 828 618 θνμοβόραν
856 531 1010 618 φροντίδ’
1041 528 1293 617 ἄπληστονίίῑη)
1323 530 1530 616 sagacissime

223 641 261 705 de
283 641 345 706 hoc
368 643 439 707 loco
464 641 611 725 exposuit
635 639 679 727 (p.
699 642 764 706 222
780 636 850 724 sq).
875 677 912 686 -
934 639 1077 724 Choeph.
1096 664 1124 705 v.
1149 641 1232 705 1068
1249 662 1308 723 sq.:
1331 635 1530 723 παιδοβόροι

222 744 355 834 μόχθοι.
379 786 421 796 -
445 749 551 814 Prom.
570 771 600 814 v.
617 748 697 813 437:
725 749 869 834 συννοίᾳ
891 743 929 813 δὲ
952 743 1117 831 δάπτομαι
1141 745 1229 832 κέαρ.

760 929 999 938 -——·-—-——-

313 1051 402 1116 Haec
431 1052 498 1116 fere
525 1051 642 1136 habui,
676 1073 757 1136 quae
791 1053 829 1117 de
863 1051 1156 1117 conformationum
1185 1051 1438 1136 Aeschylearum
1471 1075 1531 1118 usu

223 1159 435 1243 disputarem.
472 1159 597 1236 Quibus
620 1158 655 1221 in
673 1159 876 1241 proferendis
900 1160 927 1224 si
947 1159 1049 1224 nimio
1068 1158 1209 1222 fortasse
1229 1158 1407 1245 indagandi
1426 1159 1532 1225 studio

222 1266 371 1332 inductus
381 1288 616 1350 nonnunquam
628 1265 759 1330 modum
771 1267 893 1331 excessi
908 1266 1103 1330 enumeratis
1114 1265 1384 1331 translationibus
1401 1289 1533 1350 prorsus

225 1396 285 1438 usu
308 1375 406 1458 tritis,
428 1374 508 1438 illud
528 1372 656 1457 quidem
676 1372 757 1436 mihi
776 1372 903 1438 crimini
927 1373 995 1438 dari
1014 1373 1114 1438 malui
1134 1393 1229 1456 quam
1249 1373 1458 1438 condemnari
1481 1395 1532 1438 me

224 1481 457 1566 indiligentiae.
503 1477 740 1562 comprobasse
769 1500 843 1543 vero
877 1479 939 1544 hoc
968 1479 1098 1564 quidem
1127 1479 1280 1562 opusculo
1315 1479 1393 1543 mihi
1422 1479 1534 1546 videor

223 1591 361 1672 veteres,
389 1609 463 1652 eum
491 1585 725 1650 sublimitatem
755 1586 968 1670 Aeschyleam
998 1607 1035 1651 ac
1062 1585 1374 1670 magniloquentiam
1402 1587 1532 1650 extolle-

223 1697 303 1778 rent,
318 1694 403 1758 haud
420 1693 551 1758 minime
567 1694 730 1775 spectasse
745 1693 1028 1758 conformationes.
1052 1690 1121 1755 Has
1136 1691 1221 1756 enim
1236 1695 1391 1776 tanquam
1406 1693 1531 1758 lumina

227 1801 384 1866 sermonis
411 1804 479 1864 tam
502 1801 595 1883 larga
623 1820 719 1864 manu
747 1821 805 1882 per
827 1801 970 1865 carmina
997 1798 1166 1882 dissipavit
1194 1798 1289 1863 modo
1320 1798 1454 1863 audacia
1478 1821 1533 1863 ex·

226 1908 398 1990 saltantes,
436 1905 532 1970 modo
565 1904 807 1989 magnificentia
845 1906 1092 1973 admirationem
1125 1909 1307 1989 moventes,
1344 1907 1533 1990 plerumque

226 2014 375 2078 mollitiei
404 2013 543 2097 speciem
571 2013 774 2096 respuentes,
804 2033 930 2095 semper
959 2012 1025 2076 fere
1052 2011 1281 2096 perspicuitate
1310 2012 1468 2098 insignes,
1497 2019 1534 2078 ut

225 2121 279 2186 vix
312 2144 332 2184 a
360 2141 522 2205 quoquam
555 2120 662 2182 vetere
696 2119 852 2201 scriptore
885 2123 1062 2203 superetur.
1111 2118 1293 2183 Illustravit
1326 2122 1433 2184 autem
1466 2121 1534 2184 vita

228 2227 321 2310 quasi
344 2227 458 2291 induta
482 2247 546 2290 non
571 2227 675 2290 solum
700 2247 908 2309 quaecunque
931 2227 965 2290 in
988 2227 1078 2292 caelo
1103 2228 1272 2290 versantur
1295 2229 1328 2291 et
1351 2229 1534 2310 cernuntur,

226 2334 332 2399 sidera
347 2335 466 2418 stellas,
485 2333 620 2398 fulmina
638 2333 793 2415 tonitrua,
815 2337 890 2397 adra
903 2337 1026 2415 ventos,
1045 2332 1164 2396 imbres
1184 2332 1284 2416 nives,
1302 2355 1413 2397 verum
1434 2333 1533 2398 etiam

227 2462 307 2524 quae
326 2442 360 2504 in
379 2445 466 2505 terra
485 2442 616 2504 exstant
634 2442 667 2503 et
685 2461 736 2503 res
755 2443 901 2523 naturae,
921 2443 1045 2504 montes
1066 2461 1152 2522 saxa,
1172 2461 1260 2503 mare
1275 2439 1419 2523 flumina,
1439 2444 1533 2524 prata

228 2570 370 2631 nemora,
393 2551 427 2611 91
444 2565 526 2632 quae
551 2550 620 2610 arte
639 2545 870 2631 hominumque
890 2568 987 2611 manu
1007 2546 1153 2611 confecta
1177 2550 1262 2630 sunt,
1285 2546 1398 2610 domus
1417 2550 1533 2630 vestes,

226 2656 442 2719 instrumenta
466 2676 570 2736 arma,
597 2674 745 2717 necnon
773 2654 950 2736 permultas
978 2654 1127 2718 notiones
1158 2657 1191 2718 et
1212 2654 1367 2737 temporis
1390 2656 1424 2717 et
1446 2675 1533 2717 men·

227 2762 283 2845 tis,
312 2763 359 2826 119
387 2765 423 2826 ut
449 2760 532 2825 nihil
558 2759 625 2855 fere
652 2759 846 2843 inveniatur,
875 2760 961 2844 quod
988 2761 1043 2824 ille
1071 2760 1307 2845 quodammodo
1335 2760 1442 2824 vivum
1470 2781 1535 2824 non

228 2869 398 2934 effinxerit.

316 2993 386 3058 Iam
415 2992 476 3057 etsi
505 3014 543 3055 ex
570 2990 854 3074 translationibus,
886 2991 1003 3075 quibus
1031 2991 1082 3054 usi
1113 2995 1189 3056 sunt
1215 2996 1343 3077 poetae,
1372 2997 1409 3058 ut
1437 3016 1535 3077 supra

231 3101 383 3184 diximus,
411 3099 522 3184 colligi
544 3099 633 3181 11991,
661 3097 790 3180 quinam
815 3097 915 3163 fuerit
938 3120 1050 3162 eorum
1080 3099 1163 3163 vitae
1186 3121 1312 3183 cursus,
1343 3100 1397 3184 qui
1421 3123 1535 3185 mores,

231 3231 313 3292 quae
333 3207 449 3291 studia,
473 3206 565 3271 valde
583 3208 694 3269 tamen
713 3205 808 3270 nobis
828 3206 1005 3272 cavendum
1025 3209 1082 3289 est,
1106 3228 1147 3270 ne
1166 3228 1205 3270 ex
1224 3207 1535 3272 conformationibus

228 3315 365 3380 nimium
388 3336 447 3398 pro
472 3317 558 3378 certo
583 3315 777 3396 statuamus,
805 3313 924 3397 quippe
948 3336 1031 3398 quae
1053 3315 1211 3397 figuratae
1235 3314 1385 3379 dictionis
1409 3318 1535 3398 partem

230 3423 418 3487 contineant
441 3420 614 3485 admodum
638 3419 796 3504 exiguam.
832 3421 979 3504 Apparet
1002 3425 1111 3485 autem
1134 3442 1172 3484 ex
1196 3421 1236 3485 iis
1261 3421 1535 3486 studiosissimum

228 3528 328 3612 fuisse
353 3527 550 3611 Aeschylum
579 3525 677 3589 maris
700 3547 869 3610 rerumque
893 3527 1072 3613 navalium,
1099 3549 1159 3592 nec
1184 3528 1315 3609 mirum,
1343 3529 1456 3612 utpote
1480 3527 1534 3611 qui

230 3657 302 3700 eum
326 3635 444 3720 pugnis
463 3634 632 3698 navalibus
653 3634 738 3717 apud
758 3633 925 3699 Salamina
948 3639 981 3699 91
999 3635 1207 3699 Artemisium
1227 3633 1322 3700 factis
1340 3635 1535 3720 interfuisse,

230 3747 299 3806 tum
322 3742 426 3806 bisin
446 3739 589 3806 Siciliam
613 3741 777 3825 profectus
800 3763 870 3807 esse
889 3742 1044 3806 tradatur.
1080 3741 1194 3826 Itaque
1213 3742 1344 3806 erebus
1364 3741 1535 3806 maritimis

230 3852 357 3914 tantam
376 3849 555 3934 imaginum
574 3849 763 3914 varietatem
782 3852 970 3933 tantamque
990 3849 1172 3913 ubertatem
1192 3849 1311 3932 hausit,
1333 3871 1431 3933 quam
1450 3849 1534 3932 apud

231 3955 423 4040 Sophoclem
442 3955 564 4020 frustra
582 3956 786 4040 quaesiveris.
823 3955 993 4020 Praeterea
1017 3977 1091 4020 vero
1115 3959 1245 4038 poetam
1265 3956 1442 4021 attendisse
1467 3955 1534 4019 ani·

231 4085 319 4127 mum
352 4063 391 4127 ad
423 4063 636 4147 piscationem
669 4064 872 4127 venationem
902 4064 1138 4153 agriculturam
1171 4066 1400 4146 pastorumque
1433 4063 1534 4127 vitam

231 4169 343 4234 multis
367 4168 551 4234 confirmari
579 4169 705 4234 videtur
728 4170 1044 4236 conformationibus.
1090 4168 1213 4234 Contra
1242 4174 1328 4236 artes
1358 4175 1391 4234 et
1415 4191 1533 4234 merca-

231 4280 338 4341 turam
359 4276 445 4341 haud
470 4276 563 4341 dubie
588 4277 693 4341 minus
718 4280 809 4360 aptas
833 4278 939 4359 duxit,
967 4300 983 4341 e
1008 4277 1123 4362 quibus
1147 4277 1376 4342 translationes
1403 4280 1535 4360 peteret.

231 4382 377 4468 Denique
405 4384 440 4447 in
467 4382 589 4446 deliciis
617 4383 645 4446 ei
673 4387 769 4447 erant·
791 4406 842 4448 res
872 4384 1018 4464 bellicae,
1050 4382 1136 4468 quod
1162 4384 1225 4447 nisi
1253 4385 1400 4468 exempla
1427 4386 1532 4447 osten·

233 4490 344 4554 derent
367 4511 431 4553 non
453 4511 564 4572 pauca,
588 4511 718 4554 carmen
741 4489 822 4553 illud
845 4491 1020 4574 sepulcrale
1045 4490 1085 4555 ab
1109 4490 1189 4575 ipso,
1213 4495 1249 4555 ut
1271 4491 1382 4574 fertur,
1405 4512 1532 4574 compo·

233 4598 332 4661 situm
350 4597 479 4660 doceret
502 4617 580 4660 eum
594 4618 659 4660 non
678 4600 744 4660 tam
764 4596 938 4682 gloriatum
959 4619 1028 4662 9999
1052 4598 1171 4663 fabulis
1193 4597 1309 4680 pactis,
1334 4619 1430 4680 quam
1450 4598 1534 4680 quod

234 4725 362 4790 pugnae
386 4703 585 4768 interfuisset
608 4701 840 4768 Marathoniae.
878 4702 939 4768 Sed
964 4704 1044 4769 99119
1068 4704 1171 4769 habeo
1194 4704 1275 4769 haec
1299 4705 1437 4769 strictim
1462 4704 1534 4768 atti·

233 4811 332 4895 gisse,
359 4809 552 4893 praesertim
579 4832 651 4874 cum
674 4809 815 4875 'I'uehius
840 4808 1069 4897 (1199991999)
1097 4812 1155 4876 has
1183 4833 1235 4875 res
1263 4811 1407 4894 pluribus
1429 4832 1535 4895 perse-

233 4918 325 4980 cutus
350 4917 401 4980 sit.
445 4935 455 4946 ·
