3610 5542
774 363 996 428 ..52-

725 641 963 727 Particula
994 643 1045 726 ΙΙ.

391 809 458 882 De
486 806 872 884 translationibus
900 808 956 883 ab
985 808 1176 884 animali
1205 809 1374 906 petitis

848 1002 922 1084 sc.

418 1125 465 1192 ne
489 1123 802 1194 conformationibus
826 1145 847 1194 a
870 1145 1007 1214 corpore
1025 1125 1178 1194 animalis
1203 1127 1350 1214 sumptis.

321 1267 444 1344 Quibus
472 1269 506 1332 in
533 1268 703 1334 afferendis
733 1271 886 1354 quoniam
914 1270 1026 1336 eodem
1054 1269 1166 1336 ordine
1194 1273 1292 1353 atque
1319 1269 1353 1333 in
1380 1269 1486 1352 prima
1515 1269 1535 1347 ξ

231 1376 280 1440 uti
303 1398 363 1460 par
384 1373 524 1459 videtur,
540 1373 568 1440 'a
591 1375 715 1442 duabus
743 1377 942 1462 metaphoris
965 1377 1125 1462 proficisci
1148 1376 1253 1460 liceat,
1276 1375 1393 1461 quibus
1415 1376 1449 1440 in
1470 1374 1538 1438 uni-

231 1504 358 1547 versum
381 1503 432 1546 res
456 1482 619 1547 inanimae
648 1484 803 1549 animalia
832 1484 1039 1570 effinguntur.
1084 1483 1169 1549 Nam
1194 1479 1302 1547 Solem
1331 1487 1428 1564 poeta
1450 1480 1537 1546 Iovis

232 1610 323 1654 avem
347 1592 442 1654 vocat
465 1586 577 1672 Suppl.
601 1612 629 1653 v.
652 1590 730 1654 212:
756 1584 865 1673 Ζηνὸς
889 1585 986 1675 ὄρνιν
1008 1586 1108 1656 τόνδε
1132 1587 1188 1674 (sc.
1204 1583 1315 1674 ἥλιον)
1340 1588 1405 1652 νῦν
1428 1585 1538 1670 κικλή-

230 1710 332 1759 σκετε.
379 1694 450 1771 Qua
473 1694 603 1778 quidem
627 1695 842 1760 translatione
861 1718 933 1760 cum
953 1696 1074 1781 gallum
1094 1695 1311 1781 gallinaceum
1331 1694 1538 1778 significaret,

232 1801 365 1866 minime
390 1800 634 1866 similitudinem
664 1801 825 1884 quandam
855 1801 933 1867 solis
961 1824 1032 1866 cum
1057 1803 1143 1887 gallo
1167 1801 1344 1886 exprimere
1368 1801 1471 1866 voluit
1493 1837 1538 1846 —

231 1908 309 1994 quid
332 1907 417 1972 enim
447 1910 531 1972 esset
558 1906 700 1990 ineptius
728 1945 763 1954 —
791 1909 848 1972 sed
875 1908 962 1972 haud
991 1909 1088 1973 dubie
1116 1908 1258 1993 respexit
1286 1929 1408 1972 morem
1436 1906 1539 1990 illum,

231 2036 294 2098 quo
317 2017 452 2098 uterque
476 2014 673 2080 dormientes
698 2037 715 2079 e
739 2037 851 2081 somno
876 2012 1082 2101 suscitat¹⁰³).
1108 2051 1144 2061 —
1173 2015 1286 2079 Altera
1308 2015 1431 2098 imago,
1455 2035 1537 2096 quae
1594 2041 1597 2048 ’

232 2121 372 2186 fortasse
395 2120 458 2186 huc
480 2121 592 2186 referri
616 2125 734 2206 potest,
757 2121 820 2208 Ag.
842 2147 871 2188 ν.
896 2123 961 2188 824
985 2145 1031 2207 sq.
1055 2121 1227 2204 invenitur,
1250 2121 1307 2184 ubi
1330 2121 1459 2206 ligneus
1482 2121 1537 2184 ille

231 2249 345 2313 equus,
371 2249 430 2313 per
453 2250 548 2313 quam
572 2227 688 2294 Graeci
711 2229 842 2294 Troiam
866 2233 1033 2315 ceperunt,
1061 2229 1108 2293 ita
1131 2232 1181 2292 est
1203 2227 1272 2292 vita
1295 2227 1475 2312 praeditus,
1502 2231 1539 2292 ut

230 2335 317 2400 viros
341 2336 376 2400 in
400 2336 491 2400 alveo
515 2336 655 2401 inclusos
681 2337 772 2420 quasi
796 2337 921 2420 pullum
945 2338 978 2401 in
996 2336 1100 2401 lucem
1120 2335 1212 2400 edere
1231 2334 1387 2400 videatur.
1428 2333 1537 2400 Verba

230 2440 310 2508 haec
333 2445 422 2507 sunt:
445 2438 545 2507 πόλιν
569 2439 781 2527 διημάθυνεν
802 2438 952 2528 Ἀργείου
977 2440 1088 2525 δάκος,
1112 2442 1214 2506 ἵππου
1238 2437 1385 2518 νεοσσός.

319 2548 423 2614 Multd
447 2571 524 2613 sane
548 2551 675 2634 saepius
697 2553 794 2635 poeta
818 2550 896 2615 satis
920 2549 1037 2614 habuit
1059 2570 1110 2633 ea,
1138 2571 1218 2633 quae
1242 2549 1310 2613 vita
1337 2552 1460 2634 carent,
1488 2550 1536 2613 ita

232 2655 382 2721 animalis
417 2657 522 2740 specie
554 2657 699 2740 induere,
731 2660 767 2721 ut
799 2680 897 2722 unum
934 2656 1076 2740 corporis
1114 2656 1292 2720 membrum
1328 2656 1378 2719 vel
1411 2658 1536 2740 partem

230 2761 406 2847 improprie
444 2762 620 2829 adhiberet.
673 2762 726 2828 Sic
763 2764 913 2829 cornibus
950 2784 1048 2828 naves
1082 2760 1277 2826 Graecorum
1311 2762 1401 2826 velut
1436 2762 1536 2826 boves

230 2874 363 2953 pastore
391 2843 475 2934 maie
504 2873 629 2936 attento
659 2871 723 2936 alia
751 2871 847 2936 aliam
877 2871 1001 2936 feriunt
1028 2869 1227 2954 perdantque
1255 2869 1398 2954 imagine
1427 2870 1537 2952 exqui-

232 2977 303 3059 sita,
326 2998 408 3060 quae
432 2977 527 3041 obvia
551 2981 600 3042 est
624 2978 685 3064 Ag.
709 3001 737 3044 v.
757 2977 823 3042 654
842 3000 924 3063 sqq.:
949 2977 1032 3054 ναῦς
1054 2971 1119 3061 γάρ
1145 2969 1229 3060 πρὸς
1252 2970 1428 3058 ἀλλήλαισι
1451 2973 1537 3061 Θρή-

230 3106 299 3147 κιαι
327 3080 427 3148 πνοαὶ
444 3078 616 3169 Ἥρεικον·
650 3083 687 3148 αί
712 3080 750 3148 δὲ
777 3080 1062 3169 κεροτυπούμεναι
1089 3085 1147 3169 βία
1174 3082 1322 3165 Χειμῶνι
1350 3083 1444 3165 τυφῶ
1474 3077 1538 3146 σὺν

232 3185 311 3276 ζάλη
334 3184 363 3253 τ’
390 3185 625 3277 ὀμβροκτύπῳ,
644 3185 793 3275 Ὥιχοντ’
820 3186 980 3275 άφαντοι,
1007 3187 1165 3273 ποιμένος
1191 3189 1298 3252 κακοῦ
1324 3184 1455 3276 στρόβῳ
1484 3186 1537 3272 (cf.

231 3298 251 3377 ξ
271 3296 302 3382 5,
324 3319 354 3380 p.
374 3295 442 3381 34).
468 3334 505 3343 —
532 3294 692 3362 Cornibus
716 3298 827 3363 textile
851 3319 978 3382 quoque
1002 3297 1196 3361 instructum
1218 3295 1365 3380 fingitur,
1393 3317 1456 3379 quo
1481 3296 1535 3360 ob-

230 3404 359 3468 volutus
383 3403 608 3488 Agamemnon
636 3404 815 3468 trucidatur
844 3403 904 3489 Ag.
927 3428 955 3469 τ.
982 3403 1080 3468 1127:
1108 3400 1357 3491 calandriam)
1386 3402 1536 3484 λαβοῦσα

231 3506 440 3596 μηχανήματι
464 3507 597 3592 τύπτει,
620 3510 773 3574 nimirum
797 3511 872 3594 quia
896 3508 1168 3596 Clytaemnestra,
1192 3531 1272 3594 quae
1297 3509 1446 3574 manibus
1470 3531 1536 3572 sur-

231 3641 302 3684 sum
325 3618 405 3683 illud
428 3621 543 3682 tenens
566 3617 600 3681 in
624 3618 778 3682 maritum
802 3617 908 3701 irruit,
939 3617 1139 3684 Cassandrae
1163 3617 1231 3682 vati
1258 3617 1345 3682 haud
1369 3616 1535 3681 dissimilis

229 3725 314 3789 tauri
336 3723 516 3789 videbatur.

320 3829 497 3895 Identidem
521 3827 696 3913 ,,γνάθος“
720 3830 940 3914 metaphorice
962 3811 1104 3915 poniturss
1127 3852 1191 3914 qua
1209 3851 1287 3896 voce
1310 3831 1408 3895 maris
1427 3831 1535 3898 fauces

231 3939 316 4024 ignis
339 3938 441 4022 pestis
470 3959 589 4002 cuneus
617 3937 834 4022 illustrantur,
861 3937 996 4021 proinde
1025 3958 1061 4001 ac
1090 3937 1117 4001 si
1145 3958 1277 4020 rapaces
1306 3938 1371 4002 sint
1399 3939 1536 4004 bestiae:

230 4045 336 4110 Prom.
360 4068 388 4109 v.
412 4045 489 4109 726:
512 4055 660 4129 τραχεῖα
682 4041 808 4109 πόντου
832 4045 1075 4129 Σαλμυδησσία
1097 4041 1227 4127 γνάθος
1251 4041 1304 4131 (cf.
1322 4047 1342 4125 ξ
1361 4045 1395 4128 5,
1418 4067 1448 4127 p.
1468 4042 1536 4131 30),

232 4152 271 4216 ad
296 4174 378 4237 quae
402 4151 587 4216 scholiasta:
612 4145 657 4227 ὡς
679 4146 716 4216 τό
743 4149 912 4234 ,πολέμου
936 4147 1062 4236 στόμα“
1088 4147 1144 4214 διὰ
1163 4147 1200 4215 τὸ
1220 4152 1287 4215 πᾶν
1306 4145 1343 4216 τὸ
1363 4152 1409 4228 είς
1428 4145 1535 4235 αὐτὴν

231 4258 393 4343 ἐμπίπτον
415 4261 676 4324 καταναλίσκειν.
700 4297 744 4307 -
767 4259 873 4324 Prom.
892 4283 920 4324 v.
935 4259 1000 4324 368
1020 4280 1079 4342 sq.:
1102 4256 1245 4342 ποταμοὶ
1267 4253 1372 4343 πυρός
1396 4256 1535 4323 δάπτον-

230 4389 283 4444 τες
314 4360 447 4451 ἀγρίαις
483 4361 684 4451 γυάθοιςῑθῧ)
726 4367 791 4449 Τη”ς
822 4362 1048 4450 καλλικάρπου
1080 4367 1236 4441 Σικελίας
1272 4359 1412 4450 λευροὺς
1444 4360 1535 4448 γύας.

231 4473 454 4559 Intellegenda
477 4477 527 4537 est
550 4476 660 4538 autem
683 4473 803 4558 Aetna,
832 4473 887 4557 qui
910 4494 1017 4556 mons,
1046 4476 1159 4556 utpote
1182 4493 1254 4537 cum
1279 4471 1370 4556 ignes
1394 4477 1534 4556 evomat,

188 4627 190 4632 -
232 4578 375 4644 Siciliam
403 4600 513 4644 morsu
542 4579 702 4643 dilanians
735 4578 876 4664 fingitur.
906 4616 947 4625 -
976 4576 1119 4662 Ohoeph.
1143 4601 1172 4643 v.
1195 4578 1261 4642 324
1285 4601 1343 4663 sq.:
1376 4576 1534 4665 φρόνημα

229 4687 291 4752 τοῦ
313 4683 481 4762 θανόντος
504 4680 547 4750 ού
571 4681 706 4769 δαμάζει
729 4681 845 4771 Πυρδς
868 4681 993 4770 μαλερὰ
1016 4683 1153 4769 γνάθος.
1175 4721 1218 4732 -
1241 4685 1347 4750 Pestis
1372 4686 1532 4770 quomodo

230 4794 377 4860 homines
401 4794 553 4859 dilaceret
576 4795 664 4858 velut
687 4794 807 4858 animal
827 4792 1002 4858 voracitate
1021 4793 1161 4877 insigne,
1183 4791 1376 4856 describitur
1390 4789 1533 4878 Choeph.

230 4925 258 4965 v.
282 4902 347 4966 280
363 4924 421 4985 sq.:
446 4902 591 4985 Σαρκῶν
616 4899 848 4986 ἐπαμβατῆρας
870 4894 1001 4983 άγρίαις
1024 4895 1167 4982 γνάθοις
1191 4900 1354 4983 [λειχῆνας
1379 4896 1533 4978 ἐξέσθον-
