3610 5542
845 385 1063 448 ..13..

306 532 403 616 βέλος
430 533 484 619 (of.
509 536 584 601 ibid.
608 559 637 602 v.
660 536 748 625 240).
782 575 818 616 -,-
855 541 956 617 Quasi
987 545 1037 609 sui
1069 543 1149 611 iuris
1181 555 1350 633 praeterea
1382 552 1508 618 videtur
1540 577 1611 620 esse

304 641 415 706 oculus
440 663 507 707 non
530 643 687 708 ebrietate
711 647 833 732 gravis,
860 671 933 714 eum
957 651 1044 717 velut
1073 653 1220 746 urinator
1246 659 1280 722 in
1304 682 1392 724 mare
1416 661 1611 743 profundum

248 779 253 788 ¹
303 753 457 832 tanquam
485 772 520 814 se
547 756 676 837 mergat
704 751 815 839 Suppl.
843 778 871 820 v.
895 757 959 822 407
984 781 1066 844 sqq:
1101 763 1155 826 δεῖ
1179 786 1231 829 τοι
1261 768 1402 847 βαθείας
1428 769 1611 853 φροντίδος

302 859 485 940 σωτηρίου,
518 860 629 941 Δίκην
660 863 926 948 κολυμβητῆρος,
958 865 992 941 ἐς
1022 863 1135 949 ῥυδὸν
1164 875 1281 953 μολεῖν
1310 869 1483 959 Δεδορκὸς
1511 869 1611 957 ὄμμα,

302 957 381 1046 μηδ’
406 958 494 1046 άναν
518 958 773 1054 propium..—
803 968 855 1033 Ad
882 992 919 1035 os
947 975 983 1036 ut
1010 975 1226 1060 transeamus,
1255 978 1468 1046 audacissime
1496 982 1611 1067 lingua

302 1067 579 1153 Clytaemnestrae
611 1073 647 1136 in
678 1072 953 1158 Agamemnonem
992 1078 1132 1146 blandae
1171 1085 1279 1149 animo
1318 1107 1431 1150 sereno
1463 1088 1612 1170 praedita

302 1176 436 1260 fingitur
458 1178 520 1262 Ag.
544 1201 572 1244 v.
599 1181 698 1246 1228:
720 1183 855 1264 γλῶσσα
956 1177 1172 1271 φαιδρόνδνς.
1218 1190 1265 1254 At
1288 1213 1345 1256 our
1368 1194 1473 1276 ipsam
1497 1215 1609 1259 vooem

301 1279 510 1369 φαιδρόνους
545 1285 716 1351 absurdam
751 1309 820 1352 esse
852 1287 993 1358 Keekius
1026 1293 1127 1374 dieat,
1164 1298 1312 1382 equidem
1344 1321 1411 1365 non
1442 1301 1609 1385 intellego.

300 1387 441 1482 Omnino
471 1391 527 1456 ille
555 1391 652 1456 huius
681 1393 747 1490 1οοὶΙ
773 1395 965 1479 scripturam
993 1399 1086 1464 libris
1114 1402 1290 1488 firmatam,
1323 1406 1400 1471 lieet
1434 1408 1543 1493 aliqua
1570 1429 1609 1472 ex

299 1499 390 1579 parte
425 1497 543 1563 vitiosa
576 1498 633 1578 sit,
661 1521 846 1586 quanquam
881 1507 1105 1591 sagacissime,
1137 1510 1288 1580 audacius
1321 1515 1432 1578 tamen
1462 1515 1607 1598 mutavit,

301 1625 398 1688 quam
416 1607 453 1670 ut
470 1604 576 1671 faeere
596 1607 718 1689 possim
739 1630 811 1674 oum
830 1609 900 1676 viro
920 1612 1014 1678 dooto
1035 1612 1088 1700 (of.
1104 1617 1177 1683 edit.
1191 1640 1223 1702 p.
1236 1621 1304 1684 402
1319 1619 1465 1708 sqq.).-
1478 1621 1604 1706 Lingua

300 1710 414 1776 deinde
439 1712 610 1796 sagittaria
634 1719 683 1778 est
706 1713 816 1800 Suppl.
840 1739 868 1782 v.
883 1719 962 1784 446:
985 1723 1120 1804 γλῶσσα
1142 1723 1327 1803 τοξεύσασα
1350 1723 1395 1812 μὴ
1419 1723 1458 1793 τά
1482 1729 1601 1812 καίρια.

300 1855 343 1862 -
367 1819 415 1882 Ao
437 1839 515 1883 vera
533 1818 628 1884 index
648 1843 686 1884 ea
705 1823 888 1907 appellatur
907 1826 1007 1892 animi
1026 1831 1178 1913 superbia
1196 1833 1301 1899 inflati
1321 1833 1407 1918 Sept
1422 1858 1450 1899 v.
1464 1835 1530 1898 438
1547 1855 1606 1917 sq.:

301 1923 369 1989 τῶν
392 1948 444 1990 τοι
467 1928 616 2007 ματαίων
639 1921 805 2010 ἀνδράσιν
832 1928 1061 2016 φρονημάτων
1084 1929 1129 1999 Ἡ
1151 1934 1277 2020 yloioo’
1303 1935 1433 2024 άληθης
1455 1943 1604 2022 γίγνεται

299 2031 491 2117 κατήγορος.
514 2069 556 2078 ——
581 2031 728 2118 Denique
753 2057 791 2100 ex
815 2037 932 2122 eapitis
956 2041 1104 2123 partibus
1133 2041 1234 2108 barba
1257 2047 1364 2130 prima
1391 2047 1605 2112 translatione

299 2143 383 2202 oerte
407 2139 581 2205 admodum
605 2141 717 2206 attrita
741 2146 874 2208 eatenus
898 2146 990 2229 quasi
1013 2147 1082 2212 vita
1104 2147 1257 2236 induitur,
1279 2156 1316 2217 ut
1338 2175 1397 2236 per
1415 2174 1517 2237 genas
1534 2174 1606 2237 pro-

299 2245 447 2330 grediens
469 2247 521 2311 vel
544 2247 653 2331 potius
677 2271 853 2334 prorepens
878 2253 1052 2338 effingatur
1076 2253 1162 2341 Sept.
1181 2281 1210 2324 v.
1230 2259 1309 2324 534:
1333 2263 1452 2344 στείχει
1476 2253 1510 2324 δ’
1535 2265 1606 2324 λον-

298 2357 355 2430 λος
378 2349 454 2438 άρτι
477 2349 533 2419 διά
556 2355 740 2439 παρηίδων.

386 2460 502 2526 Manus
530 2461 699 2546 imperium
732 2464 846 2547 populi
879 2470 969 2530 tenet
995 2464 1105 2551 Suppl.
1129 2488 1157 2534 v.
1182 2471 1260 2535 604:
1293 2467 1404 2556 δήμου
1435 2472 1604 2557 κρατοῦσα

297 2571 385 2653 χείρ,
408 2569 465 2634 ubi
489 2569 526 2632 de
551 2591 588 2634 eo
613 2589 729 2652 genere
754 2570 906 2654 suffragii
930 2594 1035 2638 sermo
1059 2580 1123 2656 est,
1147 2577 1232 2658 quod
1256 2581 1468 2661 χειροτονίαν
1492 2579 1605 2644 Graeci

298 2676 466 2740 vocabant.
512 2672 559 2740 Of.
579 2673 722 2758 Choeph.
742 2699 770 2741 v.
787 2678 866 2742 104:
889 2674 951 2743 τὸν
974 2676 1058 2765 πρὸς
1081 2675 1182 2763 άλλης
1206 2679 1477 2767 δεσποτούμενον
1500 2680 1605 2769 χερός.

297 2819 340 2831 ν-
363 2781 474 2846 Etiam
497 2781 587 2847 notio
611 2782 787 2848 uleisoendi
811 2784 849 2848 ad
874 2807 1006 2850 manum
1030 2788 1189 2852 translata
1213 2793 1264 2853 est
1286 2791 1348 2876 Ag.
1372 2813 1400 2855 v.
1426 2791 1503 2854 112:
1532 2789 1604 2875 χερὶ

297 2885 466 2974 πράκτορι.
510 2887 609 2954 Ouius
632 2889 718 2955 haud
742 2891 891 2956 dissimili
919 2893 1141 2958 conformandi
1171 2896 1297 2961 ratione
1321 2901 1430 2960 noster
1453 2919 1530 2960 usus
1555 2902 1606 2961 est

298 2999 359 3083 Ag.
373 3022 402 3063 v.
420 2998 504 3062 1405
519 3019 578 3081 sq.:
602 2992 720 3082 νεκρὸς
743 2998 791 3081 δι’,
815 2999 915 3082 τῆσδε
940 2999 1048 3079 δεξιάς
1071 2997 1167 3087 χερὸς
1181 2998 1318 3086 Ἔργον,
1342 3003 1472 3079 δικαίας
1494 3000 1604 3069 τέκτο-

297 3129 366 3186 νος,
390 3105 446 3170 ubi
470 3103 728 3188 Clytaemnestra
752 3127 883 3169 manum
907 3129 1012 3192 suam,
1043 3130 1106 3191 qua
1129 3110 1408 3193 Agamemnonem
1431 3112 1603 3192 neoaverit,

297 3212 416 3276 iustam
443 3212 530 3276 neeis
560 3211 753 3275 effectricem
781 3212 954 3296 praedicat.
985 3249 1021 3258 -
1062 3212 1257 3277 Pervenuste
1286 3215 1436 3280 manibus
1464 3217 1611 3310 facultas¹

296 3318 427 3383 iubendi
460 3317 555 3381 datur
586 3317 700 3400 fragm.
728 3317 804 3402 178,
837 3320 877 3383 5:
923 3312 1041 3402 ἡβῶσα
1074 3315 1145 3403 χεὶρ
1180 3317 1307 3402 ἐφίετο,
1339 3322 1391 3385 vel
1424 3345 1480 3387 eae
1510 3322 1602 3408 qnasi

297 3425 465 3510 loquentes
489 3423 685 3489 inducuntur
707 3423 769 3509 Ag.
784 3448 813 3490 v.
830 3427 929 3490 1061:
952 3419 995 3489 σὺ
1019 3419 1050 3488 δ’
1077 3419 1153 3490 άντὶ
1177 3427 1293 3510 φωνῆς
1316 3424 1601 3518 φράζεικαρβάνρι

296 3529 422 3618 χερίδθ).
465 3530 557 3606 Quod
580 3553 656 3595 vero
682 3531 722 3595 ad
742 3531 848 3595 varias
867 3531 964 3596 huius
983 3531 1046 3597 loci
1065 3532 1349 3616 interpretationes
1369 3535 1493 3616 attinet,
1515 3532 1601 3596 haud

248 3679 254 3690 ·
296 3637 583 3723 praetermittenda
606 3641 691 3720 sunt,
715 3658 798 3721 quae
821 3636 961 3704 Keekius
986 3639 1026 3702 ad
1049 3639 1081 3704 h.
1103 3639 1124 3704 l.
1147 3661 1176 3721 p.
1201 3640 1266 3703 370
1290 3663 1336 3725 sq.
1361 3639 1535 3706 adnotavit.
1557 3677 1601 3685 —-
1733 3713 1736 3720 ,

297 3746 443 3830 Denique
476 3744 625 3810 manibus
659 3743 789 3808 videndi
825 3766 937 3810 sensus
969 3745 1154 3827 impertitur
1185 3743 1271 3829 Sept.
1300 3771 1327 3812 v.
1352 3748 1431 3813 554:
1463 3743 1534 3830 χεὶρ
1567 3741 1599 3810 δ’

296 3847 421 3940 dudm).
438 3847 475 3916 τδ
507 3848 674 3936 δράσιμον
705 3849 775 3936 (,,δο
806 3855 900 3937 gestu
931 3873 1045 3916 manus
1076 3852 1238 3938 minaeis“,
1268 3858 1305 3919 ut
1333 3853 1518 3918 Dindorfius
1549 3873 1601 3914 ex-

294 3958 417 4046 plicat).

385 4068 564 4152 Aegrotum
591 4067 719 4152 pedem,
753 4089 772 4130 a
800 4089 863 4152 quo
893 4089 927 4130 se
957 4066 1087 4130 liberari
1117 4068 1186 4133 vult
1214 4067 1423 4151 Philoetetes‚
1455 4065 1543 4131 huno
1566 4065 1601 4130 in

295 4173 425 4239 modum
450 4174 624 4258 alloquitur
647 4174 764 4259 fragm.
783 4175 862 4238 244:
887 4161 912 4238 oi
938 4169 1033 4255 πούς,
1058 4170 1179 4258 άφησω
1203 4193 1248 4242 σε.
1266 4211 1302 4221 -
1328 4173 1500 4260 Exquisita
1523 4173 1601 4237 ima-

295 4280 370 4364 gine
394 4278 652 4365 Clytaemnestra
675 4280 931 4366 Agamemnonis
960 4281 1074 4363 pedem
1098 4281 1214 4347 Troiae
1238 4287 1435 4348 vastatorem
1460 4281 1603 4365 appellat

295 4385 357 4472 Ag.
380 4411 409 4453 v.
432 4388 497 4452 906
522 4411 581 4473 sq:
604 4383 649 4473 μὴ
671 4387 772 4474 χαμαὶ
796 4384 903 4463 τιθεὶς
929 4383 997 4451 Τὸν
1021 4383 1084 4452 σὸν
1107 4384 1198 4472 πόδ’,
1223 4378 1330 4472 ὦναξ,
1351 4385 1452 4455 Ἰλίου
1474 4383 1601 4470 πορθή-

294 4517 384 4579 τορα.
411 4531 449 4542 -·
475 4495 575 4560 Plane
598 4485 724 4560 insueta
754 4500 850 4579 atque
873 4494 1017 4559 insolens
1046 4496 1176 4560 auribus
1206 4497 1326 4562 nostris
1355 4495 1472 4560 aooidit
1498 4497 1603 4556 trans·

294 4601 384 4686 latio,
408 4625 471 4687 qua
493 4625 551 4687 pes
575 4603 615 4668 ad
639 4603 768 4668 ooulum
790 4599 1011 4666 transducitur
1034 4599 1118 4686 Sept.
1134 4627 1163 4669 v.
1178 4603 1258 4667 623:
1282 4601 1431 4677 ποδῶκες
1454 4594 1601 4685 uppem),

207 4769 211 4778 Α
295 4709 453 4794 siquidem
477 4709 692 4795 Aeschyleum
717 4714 773 4776 est.

382 4817 494 4882 Etiam
518 4839 573 4882 eor
601 4823 634 4883 et
666 4819 797 4903 sanguis
830 4819 1037 4883 illustrantur
1065 4818 1201 4884 huiusce
1239 4815 1367 4902 generis
1391 4813 1601 4898 imaginibus.

294 4923 424 4988 Leviter
447 4923 576 5008 quidem
599 4929 700 5010 tango
726 4922 836 5010 Suppl.
861 4947 889 4990 v.
914 4927 991 5011 785,
1021 4926 1127 4992 loeum
1152 4926 1232 4991 adeo
1256 4927 1457 5008 corruptum,
1486 4927 1524 4988 ut
1546 4921 1602 4986 alii
