3610 5542
822 350 1021 412 ,1-

268 513 365 594 poeta
388 510 519 574 inventa
542 510 585 573 sit
608 509 800 594 consciaque
825 514 931 574 mente
962 509 1118 574 orationis
1144 507 1307 576 ornandae
1331 529 1429 572 causa
1453 505 1571 589 addita,

269 641 312 682 an
335 618 375 682 ab
400 618 464 681 alio
489 617 644 701 scriptore
674 617 844 701 adsumpta
868 617 920 681 vel
951 617 990 681 de
1019 615 1183 682 cotidiana
1199 614 1436 697 :consuetudine
1460 613 1571 695 ascita,

268 728 301 790 et
323 729 432 788 utrum
462 724 621 808 integram
649 724 872 788 translationis
902 725 966 788 vim
995 723 1177 807 retinuerit,
1205 745 1249 786 an
1278 744 1337 786 usu
1364 722 1429 784 iam
1459 718 1572 784 attrita

268 831 518 914 oblitterataque
538 829 622 917 sit9).
669 828 753 912 Nam
774 853 956 914 quanquam
975 829 1134 913 imagines
1154 831 1301 894 consulto
1322 829 1454 911 abipso
1474 829 1571 911 poeta

267 942 379 1003 nostro
403 937 565 1002 adhibitae
589 938 692 1001 multo
716 937 847 1002 maioris
871 937 1024 1022 ponderis
1049 941 1125 1000 sunt
1149 959 1248 1020 quam
1277 957 1346 1014 111,
1377 956 1459 1019 quae
1482 955 1571 1018 pror-

268 1066 322 1108 sus
346 1047 531 1108 attenuatae
556 1045 796 1126 exstinctosque
817 1043 965 1106 videntur
989 1047 1086 1127 atque
1109 1041 1143 1106 in
1167 1041 1282 1125 quibus
1302 1041 1399 1105 etiam
1420 1039 1571 1124 Aeschyli

267 1151 467 1234 temporibus
498 1151 587 1215 nulla
615 1151 679 1214 iam
704 1151 809 1214 inerat
832 1149 1060 1232 conformatiO,
1091 1156 1200 1214 tamen
1224 1147 1283 1213 has
1308 1168 1434 1232 quoque
1459 1147 1571 1211 afferre

269 1257 308 1321 ad
328 1256 524 1322 Graecorum
544 1256 697 1341 loquendi
715 1278 808 1320 usum
823 1260 910 1324 recte
928 1256 1183 1340 pernoscendum
1201 1255 1289 1319 haud
1307 1255 1422 1319 inutile
1438 1254 1572 1319 videtur.

356 1363 418 1428 His
446 1364 480 1428 in
513 1363 697 1427 universum
730 1364 939 1446 praemonitis
972 1365 1038 1428 iam
1066 1363 1107 1428 ad
1135 1363 1304 1427 materiam
1331 1362 1435 1446 ipsam
1465 1361 1571 1446 dispo·

267 1471 407 1534 nendam
435 1470 618 1534 transeunti
647 1471 727 1534 mihi
756 1471 861 1536 visum
892 1475 942 1536 111
974 1493 1046 1535 eam
1079 1470 1169 1555 sequi
1202 1471 1377 1553 rationem,
1410 1491 1508 1552 quam
1541 1472 1573 1533 11

267 1577 339 1660 ipsa
362 1575 657 1640 conformationum
680 1581 798 1641 natura
821 1578 916 1642 nobis
941 1576 1034 1642 offert
1057 1581 1089 1640 et
1112 1578 1217 1660 prima
1240 1598 1350 1641 earum
1370 1576 1461 1660 origo
1480 1575 1571 1660 flagi-

267 1685 336 1746 tare
361 1682 496 1765 videtur,
519 1704 590 1747 eam
614 1682 694 1766 dico,
718 1688 754 1748 ut
777 1705 904 1768 semper
927 1685 967 1748 ab
991 1684 1122 1748 homine
1141 1683 1278 1768 profecti
1298 1683 1472 1766 videamus,
1496 1705 1572 1765 quo-

268 1789 363 1854 modo
392 1810 473 1872 quac
501 1789 569 1854 eius
596 1790 728 1873 propria
757 1795 846 1874 sunt,
878 1791 919 1854 ad
946 1783 998 1855 res
1026 1790 1188 1857 inanimes
1217 1795 1250 1854 et
1279 1790 1429 1856 notiones
1455 1789 1572 1852 mentis

267 1895 525 1960 transducentur.
570 1895 622 1959 Ita
651 1896 736 1960 enim
766 1897 850 1982 apud
874 1919 985 1963 omncs
1015 1901 1127 1981 gentes
1155 1897 1242 1962 haud
1270 1897 1364 1961 dubie
1393 1895 1572 1960 conforma-

267 2003 371 2067 tiones
395 2003 473 2066 oriri
496 2002 616 2086 solent,
644 2007 681 2068 ut
706 2004 853 2070 homines
882 2006 1022 2091 primum
1051 2004 1156 2068 solum
1184 2025 1300 2087 corpus
1324 2003 1431 2068 eiusve
1454 2005 1572 2087 partes,

268 2109 381 2172 deinde
406 2108 510 2194 magis
535 2109 653 2172 exculti
673 2112 769 2193 atque
789 2112 923 2195 expoliti
942 2113 1050 2195 ipsum
1069 2131 1195 2194 quoque
1217 2110 1361 2174 animum
1381 2112 1413 2173 et
1431 2113 1572 2174 mentem

269 2214 308 2278 ad
331 2236 383 2278 res
406 2215 474 2278 1111
497 2221 643 2280 carentes
667 2217 874 2282 transferant.

356 2321 464 2406 Atque
487 2325 591 2387 totam
614 2323 784 2387 materiam·
809 2325 843 2388 in
865 2324 945 2389 duas
968 2324 1175 2408 potissimum
1199 2327 1307 2408 partes
1331 2323 1473 2388 dividere
1497 2346 1514 2388 1
1538 2347 1572 2388 11

268 2450 336 2492 1111
359 2428 499 2512 videtur,
522 2429 569 2492 111
592 2433 628 2492 ut
651 2430 754 2495 altera
778 2436 869 2515 parte
894 2454 947 2496 111
971 2453 1203 2515 componamus
1226 2429 1401 2514 imagines,
1425 2453 1506 2514 quae
1530 2432 1571 2496 ab

267 2535 405 2618 homine,
430 2536 544 2620 altera,
568 2558 649 2619 quae
674 2536 715 2600 ab
740 2537 872 2600 animali
896 2537 1010 2602 ductae
1034 2539 1118 2601 sunt.
1164 2535 1308 2601 Priorem
1331 2536 1423 2599 illam
1445 2540 1571 2620 partem

267 2641 300 2704 in
319 2645 471 2726 quattuor
489 2664 599 2707 rursus
619 2643 726 2726 capita
745 2643 938 2709 distribuere
959 2643 1075 2728 placet,
1095 2665 1231 2728 quorum
1250 2644 1390 2726 primum
1409 2665 1464 2707 111
1486 2665 1571 2708 com-

266 2749 424 2832 plectatur
447 2750 685 2833 translationes,
709 2751 825 2834 quibus
849 2753 955 2816 solum
979 2772 1095 2835 corpus
1120 2750 1296 2815 humanum
1322 2750 1371 2834 iis,
1395 2756 1571 2834 quaesunt

268 2854 456 2939 inanimata,
479 2857 640 2940 tribuitur,
664 2858 802 2922 alterum
826 2862 858 2921 et
881 2859 1013 2923 tertium
1037 2880 1106 2941 111,
1129 2858 1245 2940 quibus
1268 2879 1319 2921 res
1344 2878 1439 2920 sensu
1463 2879 1571 2922 caren-

267 2965 316 3024 tes
348 2961 481 3026 humani
514 2963 657 3046 corporis
691 2963 795 3046 specie
828 2964 875 3028 ita
901 2963 1093 3048 induuntur,
1125 2967 1162 3027 ut
1189 2963 1253 3027 iam
1282 2985 1333 3047 ea,
1361 2985 1442 3047 quae
1471 2964 1571 3028 enimi

269 3069 447 3153 meritisque
470 3070 601 3153 propria
625 3074 715 3154 sunt,
739 3071 908 3153 accedant3
935 3076 1087 3154 quartum
1110 3071 1246 3154 denique
1270 3073 1366 3155 caput
1389 3093 1444 3135 eas
1468 3072 1571 3135 conti-

268 3175 358 3239 nebit
381 3177 602 3261 metaphoras,
633 3176 748 3261 quibus
773 3181 908 3261 atquae
933 3182 1010 3242 sunt
1033 3181 1066 3242 11
1089 3199 1170 3261 quae
1194 3178 1439 3262 intelleguntur,
1463 3183 1570 3242 mente

269 3280 439 3366 animoque
477 3284 623 3368 praedita
660 3285 864 3368 effinguntur.
918 3285 1029 3349 Altera
1066 3284 1225 3369 particula
1261 3285 1491 3350 translationes
1529 3287 1570 3350 ab

269 3388 462 3454 animalibus
490 3391 609 3475 petitas
637 3391 911 3474 percenscbimus,
945 3392 1012 3456 1111
1040 3415 1155 3476 corpus
1184 3413 1295 3457 eorum
1325 3391 1390 3456 sive
1418 3395 1569 3457 naturam

269 3517 434 3580 moresque
458 3497 599 3580 respexit
625 3500 722 3579 poeta
750 3499 781 3559 et
808 3496 842 3559 in
867 3496 1020 3561 auxilium
1044 3499 1183 3582 vocavit,
1210 3519 1261 3562 res
1289 3499 1438 3562 definitas
1467 3499 1568 3563 inlini-

267 3603 356 3668 tasve
380 3625 443 3687 quo
467 3605 572 3689 magis
596 3603 781 3688 perspicuas
805 3601 962 3667 redderet.
