3610 5542
811 335 1031 398 „22-

268 497 419 562 concreta
442 481 669 578 abstractaque
693 496 836 560 utuntur.
878 496 926 560 Ac
946 495 1036 560 velut
1058 494 1098 560 ad
1121 493 1185 560 diei
1208 517 1336 561 currum
1360 496 1452 560 albos
1475 518 1573 579 equos

268 625 337 668 esse
356 601 484 668 iunctos
503 606 626 666 veteres
644 601 817 666 credebant
838 601 939 685 (Pers.
953 625 983 666 v.
997 602 1075 666 386:
1099 597 1309 678 λευκόπωλος
1331 597 1438 686 ἡμέρα
1462 603 1574 666 πᾶσαν

265 706 403 793 κατέσχε
424 705 549 794 γαῖαν),
571 707 619 772 ita
641 730 705 773 nox
728 708 876 773 vehiculo
899 708 1080 793 caliginoso
1097 708 1149 773 vel
1171 709 1277 794 nigris
1302 710 1392 794 equis
1415 710 1574 776 instructo

269 815 456 900 provehitur
480 815 622 898 Ohoeph.
644 838 673 880 v.
688 815 767 880 660:
795 809 916 891 νυκτὸς
938 808 1017 900 ἅρμ’
1044 814 1205 898 ἐπείγεται
1229 812 1429 895 σκοτεινόυ.;
1458 817 1574 900 fragm.

270 923 326 987 66:
358 923 405 998 είς
436 925 644 1006 μελανίππου
671 916 865 1006 Προφυγάν
899 921 990 1008 ίεράς
1021 917 1142 999 νυκτὸς
1169 919 1328 1007 ἀμολγόν.
1374 924 1574 1008 Aeschylum

270 1029 304 1093 in
323 1027 374 1092 his
393 1029 589 1114 imaginibus
608 1029 799 1114 effingendis
819 1029 1004 1112 opinionem
1023 1029 1279 1116 religionemque
1299 1032 1467 1116 vulgarem
1486 1054 1573 1097 secu·

270 1139 339 1199 tum
367 1157 438 1200 esse
465 1158 530 1201 non
560 1139 623 1220 est,
651 1157 707 1200 cur
733 1136 880 1220 pluribus
908 1157 1072 1220 exsequar.
1097 1173 1138 1182 —
1163 1136 1310 1223 Denique
1333 1139 1574 1204 calamitatibus

270 1263 380 1308 currus
409 1248 471 1327 est,
504 1263 599 1326 quem
627 1241 757 1308 Orestes
784 1245 876 1326 patre
905 1243 1040 1308 orbatus
1073 1245 1167 1328 quasi
1196 1245 1311 1310 vehere
1339 1247 1466 1330 cogitur
1493 1247 1575 1330 pulli

271 1351 378 1434 equini
401 1351 504 1416 instar
528 1349 671 1434 Ohceph.
695 1373 723 1414 v.
744 1349 809 1414 795
828 1373 888 1436 sq.:
912 1355 986 1416 ἴσθι
1011 1345 1041 1416 d’
1068 1347 1194 1435 ἀνδρὸς
1216 1355 1319 1434 φίλου
1342 1355 1455 1420 πῶλον
1479 1345 1574 1419 εὖνιν

272 1452 395 1540 ζυγέντ’
423 1455 458 1521 ἐν
477 1452 624 1542 ἅρμασιν
642 1455 814 1543 Πημάτων
832 1464 899 1524 κτλ.
945 1459 1164 1525 Pulcherrima
1183 1466 1279 1544 poeta
1298 1462 1338 1525 ab
1357 1463 1452 1527 initio
1472 1485 1573 1547 usque

270 1565 309 1630 ad
334 1566 430 1630 finem
450 1569 596 1631 tenorem
614 1567 839 1632 translationis
859 1567 1000 1632 servavit
1019 1566 1180 1650 (ἐνέμεινε
1199 1569 1238 1653 τῇ
1258 1571 1431 1653 μεταφορᾷ
1451 1568 1572 1655 schol).

358 1671 422 1736 Res
446 1673 582 1737 rusticas
607 1673 852 1759 diligentissime
874 1675 1063 1740 observatas
1082 1674 1279 1758 Aeschylum
1303 1697 1457 1758 persaepe
1481 1659 1572 1740 insti·

153 1795 164 1810 ·
270 1799 379 1864 gasse,
411 1803 430 1844 a
462 1781 578 1863 quibus
610 1781 769 1865 imagines
801 1787 974 1866 repeteret,
1006 1784 1043 1845 ut
1075 1803 1114 1845 ex
1142 1782 1341 1866 metaphoris
1372 1784 1480 1848 allatis
1508 1785 1573 1848 iam

270 1890 371 1970 patet,
393 1887 440 1950 ita
464 1891 496 1950 et
519 1888 665 1952 venando
689 1893 722 1952 et
744 1887 895 1953 bellando
920 1892 953 1952 et
979 1889 1163 1973 navigando
1188 1888 1279 1954 valde
1303 1889 1481 1956 delectatus
1505 1913 1573 1955 esse

270 1994 406 2076 videtur,
431 1993 517 2078 quod
540 1997 573 2058 et
595 1994 666 2059 aliis
691 1997 845 2079 exemplis
870 1996 1058 2060 confirmare
1081 2018 1177 2079 posse
1200 1996 1281 2060 mihi
1299 1997 1410 2062 videor
1434 2002 1466 2061 et
1485 1998 1574 2063 hisce

271 2100 364 2184 locis,
397 2101 513 2185 quihus
541 2102 758 2167 instromenta
786 2102 826 2166 ad
853 2102 912 2165 has
946 2123 997 2165 res
1025 2102 1217 2167 exercendas
1249 2103 1433 2168 necessaria
1459 2105 1506 2168 ita
1535 2106 1574 2168 ad

271 2210 421 2271 concreta
445 2212 478 2271 et
501 2209 664 2274 abstracta
686 2209 948 2291 transducuntur,
970 2212 1008 2272 ut
1029 2208 1069 2273 iis
1092 2209 1180 2274 velut
1202 2209 1386 2274 hominibus
1409 2210 1481 2274 usui
1505 2232 1573 2274 esse

270 2313 448 2378 videantur.
495 2315 542 2380 Ac
572 2316 712 2400 primum
742 2316 872 2380 sublimi
905 2315 1119 2381 translatione
1148 2319 1277 2381 noctem
1300 2317 1448 2399 aspicere
1477 2317 1571 2381 nobis

270 2421 417 2487 videmur
453 2422 569 2488 Troiae
607 2427 763 2508 tanquam
799 2427 867 2486 rete
903 2423 1043 2507 spissum
1076 2423 1262 2487 inicientem
1299 2425 1409 2508 itaque
1446 2427 1573 2507 captam

271 2535 444 2614 tenentem,
468 2536 504 2595 ut
527 2553 621 2597 nemo
646 2531 834 2595 servitutem
858 2532 997 2614 etthgere
1020 2531 1125 2614 possit
1148 2530 1208 2616 Ag.
1225 2555 1253 2596 v.
1269 2534 1334 2597 355
1353 2555 1435 2617 sqq.:
1460 2521 1486 2597 ὦ
1510 2532 1575 2597 Ζεῦ

271 2638 409 2722 βασιλεῦ
432 2636 488 2703 καὶ
511 2632 573 2716 νὺξ
596 2641 692 2722 φιλία
713 2633 881 2720 Μεγάλων
904 2635 1040 2720 κόσμων
1062 2633 1248 2723 κτεάτειρα,
1269 2633 1342 2704 Ἥτ’
1374 2638 1426 2703 ε’πὶ
1454 2643 1576 2724 Τροίας

270 2745 411 2830 πύργοις
434 2747 548 2828 ἔβαλες
573 2741 746 2827 Στεγανὸν
770 2746 922 2826 δίκτυον,
947 2739 990 2820 ὡς
1014 2743 1093 2829 μήτε
1116 2743 1220 2828 με’γαν
1245 2740 1334 2829 Μήτ’
1357 2737 1420 2812 οὖν
1443 2749 1576 2830 νεαρῶν

271 2848 334 2917 τιν’
360 2847 576 2937 ὑπερτελέσαι
599 2852 698 2936 Μέγα
722 2849 922 2938 coarctare)
946 2847 1126 2936 Γάγγαμου
1153 2848 1233 2935 ἀτης
1260 2849 1466 2918 παναλώτου.
1512 2853 1575 2918 Ex-

271 2960 383 3023 tremis
413 2958 521 3023 verbis
548 2963 586 3023 ut
615 2959 752 3024 servitus
782 2958 874 3041 quasi
902 2958 1025 3022 retibus
1058 2957 1124 3022 suis
1153 2979 1265 3022 omnes
1294 2959 1394 3043 capit,
1426 2960 1482 3044 qui
1514 2960 1576 3024 for-

271 3071 359 3132 tasse
382 3088 495 3131 necem
518 3067 675 3149 vitarunt,
703 3067 750 3130 ita
772 3061 835 3148 άτη
859 3065 994 3129 infinitis
1018 3065 1141 3129 retibus
1165 3065 1267 3130 utitur
1290 3066 1397 3130 Prom.
1420 3089 1450 3130 v.
1475 3068 1575 3132 1078:

272 3169 462 3260 ἀπέραντον
486 3174 623 3237 δίκτυον
646 3167 726 3254 άτης
750 3171 789 3236 cf.
803 3171 891 3235 Pers.
905 3193 932 3234 v.
948 3171 1005 3253 973
1028 3171 1175 3235 similiter
1197 3170 1327 3235 Iustitia
1350 3171 1412 3256 Ag.
1432 3195 1461 3236 v.
1478 3174 1577 3237 1611:

273 3278 391 3346 ίὸόντα
414 3281 534 3345 τοῦτον
557 3281 615 3363 τῆς
635 3282 741 3361 Δίκης
764 3277 801 3342 ἐν
825 3275 1010 3362 tanariae).
1028 3315 1065 3323 —
1092 3278 1163 3343 Fati
1186 3277 1280 3362 quasi
1303 3278 1425 3343 retibus
1441 3276 1577 3343 (lassan-

273 3390 330 3454 dra
348 3391 444 3472 capta
463 3391 513 3452 est
526 3388 588 3471 Ag.
603 3409 631 3451 v.
649 3382 745 3450 1048:
766 3381 859 3460 ἐντὸς
878 3378 909 3447 d'
926 3377 969 3448 ἀν
985 3375 1069 3450 οάσα
1084 3390 1258 3471 μορσίμων
1278 3379 1508 3471 ἀγρευμάτων.
1534 3422 1572 3431 -

273 3494 481 3560 Calamitates
514 3494 649 3577 denique
681 3494 796 3577 plagas
828 3491 974 3575 pandunt
1001 3493 1053 3557 vel
1084 3493 1216 3576 laqueos
1244 3497 1383 3577 ponunt,
1415 3514 1432 3555 e
1460 3491 1575 3576 quibus

272 3625 368 3666 nemo
398 3601 551 3686 aufugere
581 3601 685 3683 possit
709 3600 768 3683 Ag.
792 3620 820 3661 u.
848 3598 933 3663 1374
957 3621 1039 3683 sqq.:
1072 3600 1142 3673 πῶς
1169 3595 1233 3683 γάρ
1262 3623 1371 3675 τις..
1396 3599 1577 3682 ,πημονῆς

273 3703 451 3794 ἀρκύστατ’
482 3701 525 3772 ἀν
557 3704 733 3792 Φάρξειεν,
765 3701 851 3785 ὕψος
878 3717 1034 3792 κρεῖσσον
1063 3700 1307 3788 ἐκπηδήματος;
1359 3707 1477 3772 Omnia
1499 3706 1578 3770 haec

274 3818 423 3900 exempla
449 3816 523 3900 plus
550 3816 658 3880 minus
685 3816 719 3879 in
750 3813 902 3899 mythicis
930 3811 1052 3876 versari
1084 3811 1272 3876 notionibus
1306 3812 1385 3878 satis
1419 3835 1577 3898 superque

233 3951 240 3964 ·
274 3926 386 3990 elucet.
432 3923 549 3988 Utrum
573 3943 650 3987 vero
673 3925 782 4006 poeta,
811 3943 883 3985 cum
910 3920 994 3985 retia
1021 3918 1174 3984 adhibeat
1200 3921 1360 3984 translate
1388 3922 1509 4005 posita,
1538 3920 1577 3984 de

272 4032 443 4096 venatione
476 4053 519 4094 an
551 4031 589 4094 de
622 4028 801 4113 piscatione
833 4027 1037 4113 cogitaverit,
1074 4028 1211 4113 singulis
1243 4027 1322 4093 locis
1354 4027 1407 4090 vix
1440 4027 1578 4104 discerni

273 4161 368 4223 posse
401 4137 554 4220 arbitror,
587 4159 658 4201 cum
690 4159 756 4201 non
789 4135 884 4200 modo
918 4134 957 4198 ad
991 4136 1108 4219 pisces,
1146 4157 1256 4199 verum
1289 4134 1388 4198 etiam
1421 4134 1461 4198 ad
1492 4134 1578 4199 feras

274 4246 447 4330 capiendas
471 4249 595 4309 veteres
619 4245 742 4308 retibus
767 4245 816 4308 vel
840 4244 963 4329 laqueis
987 4243 1038 4307 usi
1061 4244 1134 4308 sint.

348 4351 408 4417 ‘Ut
432 4352 472 4416 ad
495 4375 585 4416 arma
609 4353 788 4435 veniamus,
816 4351 920 4434 prima
943 4351 1009 4414 iam
1032 4354 1052 4431 ξ
1076 4349 1229 4433 vidimuS‚
1258 4350 1418 4433 quomodo
1438 4348 1522 4413 oculi
1547 4351 1579 4411 et

274 4464 386 4548 lingua
409 4460 500 4545 quasi
524 4461 660 4544 sagittas
684 4460 816 4524 mittant
838 4459 948 4543 itaque
971 4462 1127 4543 tanquam
1150 4460 1321 4522 venatores
1343 4455 1438 4520 nobis
1462 4476 1579 4539 propo-

274 4572 402 4634 nantur.
425 4604 465 4615 —-
491 4565 637 4632 Strictim
660 4566 772 4631 deinde
796 4567 862 4631 tela
884 4565 1022 4629 turbinis
1047 4563 1210 4650 attigerim
1234 4563 1341 4628 Prom.
1356 4585 1384 4626 v.
1399 4561 1478 4626 371:
1501 4567 1579 4646 θερ-

275 4687 349 4762 μοῖς
372 4670 522 4740 ἀπλάτου
545 4673 654 4757 βέλεσι
676 4668 853 4757 πυρπνόου
873 4668 977 4754 ζάλης.
995 4709 1034 4717 -
1050 4668 1579 4760 Pulcherrimaeconformationes

275 4785 431 4866 orirmtur,
455 4805 526 4847 cum
550 4784 646 4866 poeta
669 4781 804 4844 numina
828 4780 1015 4843 notionesve
1039 4801 1150 4843 corum
1174 4778 1295 4843 similes
1315 4799 1352 4842 eo
1373 4777 1477 4862 magis
1498 4776 1578 4840 dilu-
1650 4801 1652 4806 ·

275 4891 362 4956 cidas
385 4891 512 4975 reddat,
540 4889 626 4974 quod
653 4910 743 4952 arma
770 4887 810 4951 iis
832 4866 957 4950 tribuit.
1004 4883 1108 4970 Nigra
1131 4885 1232 4970 igitur
1256 4883 1367 4968 aegide
1391 4883 1507 4948 Furiae
1531 4884 1579 4947 in-
