3610 5542
813 381 1012 444 „9„..

161 591 164 598 -
235 543 402 630 eorporis
430 544 569 630 figuram
599 551 639 607 ac
666 541 751 606 vires
778 563 846 607 non
877 544 964 606 esset
993 540 1193 606 referendum
1201 539 1251 628 ¹³).
1298 539 1359 606 Sed
1389 541 1498 607 nescio
1527 563 1570 606 an

258 652 327 726 sine
350 651 437 716 insta
461 672 558 714 cansa
581 650 630 714 vir
658 649 771 714 doctus
800 648 975 712 mutaverit
998 647 1165 732 vulgatam
1194 649 1403 733 scripturam,
1424 671 1514 733 -qnae
1538 651 1571 712 et

258 763 372 842 aptum
401 749 564 843 praebere
586 778 716 820 sensum
746 757 780 819 et
810 754 925 819 audaci
954 752 1108 838 Aeschyli
1138 754 1268 839 ingenio
1300 776 1433 839 prorsus
1466 755 1567 841 digna

258 865 394 930 videtur.
440 863 523 940 Quid
551 862 636 948 qnod
665 860 782 926 Graeci
811 865 939 944 ventos,
972 862 1027 945 qui
1055 861 1187 925 maximi
1215 863 1374 927 momenti
1402 866 1494 926 erant
1527 863 1567 926 ad

258 972 500 1058 navigationem
524 970 741 1054 exercendam,
765 991 838 1034 cum
862 969 1021 1054 originem
1043 972 1075 1032 et
1093 972 1244 1033 naturam
1263 991 1329 1034 non
1348 970 1476 1054 penitus
1496 991 1567 1055 per·
1687 1028 1689 1038 ,

260 1078 430 1162 spicerent,
453 1077 528 1142 inde
552 1077 592 1141 ab
617 1075 851 1161 antiquissimis
871 1074 1073 1158 temporibus
1092 1077 1129 1138 nt
1148 1074 1225 1139 deos
1244 1076 1419 1141 colebant?
1453 1074 1567 1161 Itaque

259 1207 330 1250 cum
354 1184 562 1268 opinionibus
585 1182 686 1248 totins
711 1183 822 1265 populi
844 1185 881 1247 nt
905 1202 1017 1246 omnes
1041 1180 1093 1245 dei
1116 1180 1164 1246 ita
1187 1182 1276 1246 venti
1300 1181 1443 1247 hnmana
1462 1184 1576 1267 specie

259 1291 366 1356 induti
389 1290 518 1356 conficti
542 1289 617 1372 sint,
641 1289 716 1375 qnid
740 1289 868 1372 mirum,
892 1289 919 1352 si
944 1287 1124 1371 Aeschylus
1149 1286 1311 1373 Zephyro,
1334 1289 1389 1374 qui
1413 1311 1567 1374 persaepe

258 1401 373 1463 ventus
402 1401 472 1462 erat
495 1398 666 1462 vehemens
696 1400 729 1460 et
758 1391 1018 1481 procellosus14),
1045 1394 1185 1459 formam
1216 1394 1392 1481 Gigantum
1421 1382 1568 1462 immani-

257 1510 325 1570 tate
357 1509 390 1569 et
422 1504 590 1570 ferocitate
624 1503 802 1587 insignium
832 1501 941 1565 dedit?
996 1499 1120 1565 Contra
1150 1498 1334 1587 ursacianos
1367 1502 1461 1587 illud,
1493 1504 1570 1568 licet

257 1614 362 1678 forma
389 1633 449 1696 pro
476 1610 597 1674 usitato
625 1605 832 1693 πιμπράντος
855 1607 1000 1673 excusari
1028 1608 1145 1691 possit,
1173 1608 1434 1675 addidamentnm
1462 1633 1565 1694 paene

258 1719 412 1804 frigidum
445 1717 525 1781 mihi
554 1717 688 1781 videtur.
735 1713 788 1778 An
818 1717 942 1779 veteres
976 1713 1104 1799 longius
1138 1713 1212 1779 navi
1244 1715 1380 1799 provehi
1412 1719 1565 1801 poterant

260 1826 364 1890 ventis
390 1824 581 1890 silentibus?

347 1931 393 1997 Ut
415 1933 516 2017 igitur
538 1931 627 2012 hnic,
656 1930 695 1994 de
723 1950 786 2014 quo
816 1931 955 2013 egimus,
982 1930 1054 1994 loeo
1084 1929 1227 2013 mythice
1248 1931 1339 1996 notio
1363 1932 1487 2015 subest,
1518 1932 1565 1996 ita

260 2040 352 2103 alteri
377 2060 502 2123 qnoque
527 2037 687 2120 exemplo,
721 2057 784 2119 qno
807 2035 906 2100 robur
929 2035 1064 2118 pulchra
1088 2034 1193 2118 specie
1216 2035 1409 2101 instructum
1433 2025 1567 2104 videtur.

258 2145 427 2210 Invenitur
454 2148 562 2208 autem
591 2140 735 2225 Choeph.
763 2164 791 2205 v.
815 2140 895 2205 490:
1001 2134 1174 2225 εὔμορφον
1202 2137 1331 2226 κράτος.
1377 2141 1459 2208 (lum
1488 2144 1568 2209 Din-

259 2251 378 2317 dorfius
402 2249 531 2335 qnidem
556 2249 732 2333 addubitet,
756 2271 833 2312 num
859 2248 1034 2332 genuinum
1059 2247 1103 2311 sit
1125 2242 1356 2333 ,,εὔμορφον“,
1381 2250 1447 2315 iam
1470 2250 1568 2317 Klan-

260 2358 367 2422 senins
391 2356 583 2440 rectissime,
611 2360 647 2420 nt
671 2355 818 2440 equidem
842 2376 971 2437 censeo,
1000 2376 1073 2417 cum
1096 2353 1157 2418 hoc
1181 2355 1252 2420 loco
1277 2353 1446 2439 Sophoclis
1471 2357 1506 2424 0.
1531 2358 1568 2424 R.

259 2487 286 2530 v.
312 2465 390 2529 189:
421 2458 533 2529 εὐῶπα
566 2457 673 2527 ἀλκάν
705 2462 854 2527 contulit.
901 2458 1033 2543 Κράτος
1067 2460 1152 2524 enim
1184 2462 1420 2544 quodammodo
1448 2485 1570 2530 numen

260 2571 405 2635 divinum
432 2570 580 2635 habitum
609 2592 679 2634 csse
708 2574 740 2633 et
768 2568 903 2633 Hesiodi
926 2568 1048 2651 Theog.
1071 2589 1101 2631 r.
1124 2568 1190 2633 385
1219 2569 1420 2634 demonstrat
1448 2574 1481 2634 et
1508 2571 1569 2636 ini-

260 2678 341 2741 tium
365 2677 493 2742 fabulae
516 2675 747 2760 „Prometheus
773 2675 917 2741 vinctns“
941 2697 1022 2759 quae
1046 2675 1245 2759 inscribitur,
1270 2678 1461 2742 confirmare
1485 2680 1569 2743 vide-

259 2790 320 2868 tnr,
344 2785 398 2849 nbi
418 2783 556 2849 Vulcani
580 2783 673 2868 quasi
697 2783 845 2848 minister
868 2783 1021 2846 miserum
1044 2781 1137 2845 illum
1160 2782 1390 2848 Prometheum
1414 2785 1569 2851 adiutrice

260 2889 302 2954 Vi
327 2891 366 2956 ad
391 2913 503 2956 saxum
527 2890 671 2956 revincit.

347 2995 418 3062 lam
451 2998 493 3062 ad
527 3019 581 3062 eas
613 2998 845 3063 translationes
877 2997 1065 3062 accedamus
1098 2997 1343 3081 perquirendae,
1375 2999 1491 3083 quibus
1524 2999 1571 3064 ita

260 3103 473 3169 conformatio
498 3104 649 3188 efficitur,
672 3108 708 3169 ut
730 3105 877 3188 singulae
902 3104 1046 3188 corporis
1070 3102 1204 3168 humani
1228 3108 1337 3187 partes
1362 3105 1413 3168 vel
1436 3109 1570 3188 propter

260 3210 506 3275 similitudinem
529 3211 625 3276 rebus
648 3211 803 3276 inanimis
828 3211 1060 3293 attribuantur,
1090 3211 1140 3275 rel
1164 3209 1352 3274 notionibus
1376 3213 1510 3296 mentis,
1534 3216 1571 3277 ut

260 3317 365 3402 magis
388 3318 468 3381 fiant
490 3318 680 3402 perspicuae
704 3321 801 3402 atque
826 3319 886 3383 snb
914 3322 1079 3402 aspectum
1109 3317 1202 3402 quasi
1224 3318 1364 3382 veniant.
1411 3317 1568 3394 Quemad-

261 3423 391 3488 modum
425 3424 509 3488 enim
543 3447 655 3489 omnes
688 3425 754 3489 fere
786 3429 902 3509 poetae
933 3425 1121 3510 saepissime
1154 3423 1318 3488 hominem
1352 3424 1569 3510 significaturi

260 3552 359 3594 unam
387 3531 532 3615 eorporis
560 3535 686 3614 partem
714 3531 870 3597 translate
899 3536 1036 3616 ponunt,
1069 3532 1114 3595 sio
1142 3529 1324 3614 Aeschylus
1352 3555 1477 3616 quoqne
1508 3533 1570 3598 hoc

262 3635 524 3719 metaphorarum
552 3657 669 3722 genere
698 3658 775 3701 usus
805 3641 862 3702 est.
908 3637 1016 3721 Atque
1048 3637 1227 3720 permultae
1257 3659 1377 3722 eaeque
1405 3640 1568 3723 pueherri·

262 3763 333 3806 mae
357 3741 542 3807 huiusmodi
565 3743 841 3824 conformationes
865 3744 950 3829 apud
975 3765 1048 3808 enm
1071 3749 1252 3808 occurrunt.

350 3846 395 3912 Ut
423 3871 442 3912 a
471 3850 578 3934 capite
605 3851 782 3935 ordiamur,
813 3852 845 3916 id
876 3852 983 3935 ipsum
1014 3851 1113 3915 semel
1145 3851 1362 3935 metaphorice
1396 3852 1569 3918 adhibetur

261 3955 374 4019 hastae
399 3957 465 4022 sire
489 3957 613 4040 cuspidi
636 3960 812 4044 ascriptum
836 3959 922 4023 Pers.
942 3981 970 4024 r.
989 3959 1050 4023 148
1071 3980 1130 4041 sq:
1154 3950 1175 4041 ἢ
1200 3955 1413 4042 ὃορυκράνου
1437 3956 1570 4044 Λόγχης

262 4056 356 4145 ἰσχὺς
386 4059 595 4149 κεκράτηκεν.
641 4063 725 4128 Nam
760 4065 878 4130 erravit
911 4069 996 4130 certe
1032 4064 1220 4147 scholiasta,
1259 4087 1354 4148 quarn
1387 4065 1473 4130 Todt
1505 4067 1525 4130 l.
1550 4069 1569 4131 l.

261 4191 291 4252 p.
313 4169 357 4232 44
382 4171 536 4255 seqnitur,
560 4171 601 4234 ad
624 4193 735 4236 vocem
759 4169 973 4258 dopvcpoivov
997 4172 1170 4236 adnotans:
1193 4171 1252 4254 τῆς
1276 4165 1340 4236 ἀπὸ
1366 4168 1468 4250 ξύλου
1491 4196 1569 4255 κρα-

262 4277 364 4357 νείας,
388 4277 581 4360 quasivero
605 4279 643 4344 de
667 4279 756 4364 ligno
782 4301 909 4362 corneo,
932 4300 949 4342 e
974 4301 1037 4363 quo
1062 4279 1175 4342 hastae
1194 4259 1266 4342 fieri
1285 4280 1443 4364 solebant,
1468 4277 1569 4362 docri-

261 4404 383 4467 κρανος
408 4383 451 4448 sit
474 4385 638 4469 appellata
662 4381 776 4470 λόγχη.
821 4385 942 4450 Verum
971 4390 1110 4450 metrum
1140 4406 1200 4448 nos
1225 4384 1319 4449 docet
1341 4407 1406 4450 non
1429 4387 1466 4450 de
1491 4409 1569 4451 voce

261 4479 410 4573 κρᾶνεια,
435 4490 489 4554 sed
514 4491 552 4554 de
575 4492 702 4577 κρᾶνον
727 4490 761 4578 (i.
776 4515 802 4556 e.
817 4489 980 4579 κάρᾶνον)
1005 4491 1212 4578 cogitandum
1232 4512 1311 4577 esse,
1333 4492 1381 4556 ita
1401 4497 1436 4558 ut
1456 4494 1568 4558 hastae

263 4594 421 4677 spiculum
444 4601 543 4680 caput
566 4602 706 4663 vocetur.

352 4701 423 4766 lam
447 4725 522 4767 vero
547 4703 722 4786 rideamne,
747 4706 907 4789 quomodo
930 4706 1077 4791 singulae
1096 4707 1210 4789 capitis
1230 4709 1339 4788 partes
1359 4705 1398 4770 ad
1418 4727 1464 4790 ea,
1487 4728 1568 4790 quae

263 4813 340 4873 sunt
362 4810 556 4895 inanimata,
579 4811 756 4876 translatae
781 4812 855 4878 sint.
903 4812 1011 4896 Atque
1039 4834 1058 4874 a
1082 4811 1223 4876 crinibus
1246 4812 1475 4896 incipientibus
1499 4835 1568 4896 per-

263 4915 399 4998 pulchra
422 4917 516 4982 nobis
540 4917 674 4982 offertur
696 4918 819 5003 imago,
849 4941 912 5003 qna
939 4918 1066 4983 fulmini
1095 4918 1262 4983 cincinnus
1286 4918 1439 4982 tribuitur
1462 4919 1567 4984 l’rom.
