3610 5542
752 392 973 456 „17-

213 549 255 618 οὐ
282 551 344 639 χρὴ
376 550 511 637 ποδῶκη
544 549 605 618 τὸν
635 547 763 637 τρόπον
794 553 872 614 λίαν
905 559 1033 633 φορεῖν.
1062 585 1104 602 ·-
1134 545 1263 631 Fragm.
1287 547 1365 612 283:
1398 542 1437 612 τό
1465 569 1517 620 τοι

213 655 317 724 κακὸν
346 660 495 736 ποδῶκες
529 661 656 743 ἔρχεται
691 660 825 740 βροτοῖς
859 653 928 720 Καὶ
956 650 1176 739 τάμπλάκημα
1206 653 1251 740 τῷ
1282 653 1425 737 περῶντι
1455 648 1518 737 τὴν

213 763 371 851 capive).
392 805 432 813 -
456 765 552 830 Viam
576 787 651 830 roro
676 765 716 828 ad
739 763 923 828 huiusmodi
946 762 1240 828 conformationem
1263 761 1423 824 rationem
1447 783 1519 844 per·
1559 781 1568 794 ·

216 873 413 958 spiciendam
437 895 491 938 eae
515 873 596 937 mihi
616 872 767 936 videntur
785 875 966 935 monstrare
986 869 1204 953 metaphorae,
1228 867 1344 952 quibus
1363 867 1413 951 iis,
1437 888 1518 952 quae

216 982 312 1044 simul
336 986 368 1044 ct
391 980 558 1044 notionem
582 980 698 1042 mentis
728 982 761 1041 et
788 998 907 1041 numan
931 976 1073 1040 divinum
1086 975 1297 1059 significant,
1321 975 1405 1040 sicut
1428 975 1515 1057 δίκη,

215 1083 291 1174 ᾴρά,
315 1087 412 1170 pedes
437 1086 562 1152 dantur.
599 1083 710 1150 Veluti
733 1085 819 1173 enim
843 1083 894 1147 dei
917 1081 968 1145 vel
985 1081 1119 1146 numina
1137 1081 1271 1164 pedibus
1291 1077 1530 1168 incedentes³⁵),

215 1195 391 1278 finguntur,
415 1193 461 1257 sic
485 1214 579 1258 nemo
603 1214 640 1256 aa
663 1193 696 1255 in
720 1213 755 1254 re
779 1190 940 1254 offendere
964 1189 1068 1272 debet,
1091 1189 1176 1273 quod
1199 1187 1389 1252 notionibus
1408 1209 1520 1254 eorum

216 1301 335 1364 similia
358 1299 625 1384 exprimentibus,
653 1299 715 1362 etsi
742 1297 876 1361 numina
903 1318 967 1360 non
993 1299 1071 1369 sunt
1098 1295 1233 1379 credita,
1265 1295 1398 1379 perinde
1422 1298 1519 1380 atque

215 1407 281 1470 illis
305 1407 386 1491 ipsis
415 1406 511 1489 pedes
540 1406 667 1469 dantur.
712 1404 825 1487 Itaque
854 1402 933 1466 illud
961 1402 1110 1477 ποδῶκες
1136 1399 1241 1467 κακόν
1269 1389 1414 1485 mythice
1442 1423 1520 1486 qua·

218 1514 291 1578 dam
315 1513 467 1596 opinione
491 1513 647 1596 explicari
670 1513 777 1594 potest
801 1531 818 1572 c
837 1507 924 1592 Sept.
943 1531 972 1574 v.
992 1509 1069 1572 791:
1093 1511 1283 1591 καμψίπους
1303 1503 1435 1593 Ἐρινύς
1458 1509 1477 1573 i.
1493 1531 1519 1572 e.

216 1620 313 1685 Furia
336 1621 491 1685 currendo
520 1641 558 1684 ac
584 1618 804 1702 persequendo
832 1617 930 1699 pedes
957 1616 1134 1681 inflectens.
1181 1615 1311 1680 Etenim
1340 1617 1418 1700 quin
1440 1639 1519 1698 καμ-

217 1730 338 1806 ψίπους
360 1727 446 1791 idem
469 1727 535 1792 fere
554 1727 597 1790 sit
617 1729 713 1810 atque
731 1719 953 1808 τανάδρομος,
975 1722 1061 1806 quod
1079 1721 1174 1786 Eum.
1187 1745 1215 1786 v.
1230 1723 1304 1805 377,
1326 1723 1377 1786 vel
1396 1719 1520 1806 Sopho-

222 1836 323 1899 cleum
355 1845 492 1919 ταχεῖαι,
525 1833 610 1918 quod
642 1831 692 1895 Αἰ.
716 1853 744 1896 v.
769 1831 832 1896 843
866 1833 973 1894 exstet
1004 1829 1042 1892 de
1075 1828 1180 1893 Furiis
1213 1833 1417 1914 usurpatum,
1449 1851 1522 1893 mea

222 1941 349 2024 quidem
381 1941 542 2005 sententia
570 1940 622 2003 vix
650 1937 791 2001 dubitari
823 1941 941 2020 potest.
986 1935 1188 2020 Quapropter
1219 1958 1292 2000 cum
1315 1935 1522 2000 Hermannus

220 2046 407 2110 Dindorfius
427 2047 482 2110 alii
503 2046 557 2130 sic,
576 2050 613 2110 ut
631 2045 779 2127 diximus,
799 2044 1059 2127 interpretentur,
1082 2042 1165 2107 falso
1180 2041 1383 2108 Wellauerus
1402 2042 1522 2127 Papius

219 2152 402 2218 Pessowius
427 2151 502 2237 (vid.
517 2153 577 2216 lex.
593 2174 616 2216 s.
631 2150 721 2239 hv.)
745 2151 940 2215 scholiastae
965 2151 1215 2235 explicationem
1239 2152 1340 2215 secuti
1364 2173 1400 2215 eo
1425 2172 1522 2215 sensu

219 2260 395 2343 accipiunt,
424 2259 517 2342 quasi
545 2260 588 2324 sit
615 2259 783 2322 hominum
812 2278 918 2342 genua
945 2256 1077 2322 flectens
1102 2261 1199 2342 atque
1221 2263 1258 2322 ut
1281 2259 1433 2322 labantur
1456 2257 1522 2322 effi-

220 2368 316 2432 ciens.
358 2365 450 2442 Quod
474 2366 602 2450 quidem
626 2365 880 2430 luculentissime
904 2365 984 2428 mihi
1007 2365 1112 2429 refelli
1135 2365 1261 2429 videtur
1284 2364 1445 2430 Schuetzii
1469 2364 1523 2430 ed-

219 2474 400 2566 notatione:
425 2471 530 2557 „aliud
554 2475 602 2536 est
621 2467 707 2554 γόνυ
725 2465 897 2554 κάμπτειν,
921 2472 1006 2554 quod
1026 2473 1189 2556 significat
1207 2473 1414 2556 requiescere,
1438 2473 1524 2538 aliud

220 2577 327 2656 πόδας
348 2575 520 2662 κάμπτειν,
545 2578 631 2662 quod
654 2582 705 2642 est
727 2578 902 2662 ambulare,
924 2579 981 2661 ire,
1003 2578 1139 2663 ideoque
1162 2579 1315 2645 hocloco
1335 2583 1524 2664 καμψίπους

219 2690 268 2750 est
289 2685 388 2770 pedes
412 2685 568 2750 mobilis.“
651 2757 660 2773 ι

307 2792 469 2869 Quoniam
497 2792 719 2875 metaphoras,
752 2791 868 2876 quibus
903 2792 1050 2876 singulae
1083 2793 1226 2878 corporis
1253 2793 1389 2858 humani
1416 2797 1524 2877 partes

219 2899 316 2963 rebus
341 2898 481 2963 definitis
507 2899 707 2983 infinitisque
739 2899 939 2978 tribuuntur,
975 2899 1184 2981 protulimus,
1212 2900 1371 2985 reliquum
1395 2905 1458 2984 est,
1489 2905 1525 2964 ut

223 3027 278 3068 eas
306 3025 533 3091 persequamur
560 3004 733 3088 imagines,
757 3004 874 3086 quibus
897 3009 955 3070 aut
982 3025 1040 3096 per
1067 3005 1289 3089 synecdochen
1317 3007 1357 3070 ad
1384 3007 1525 3072 hominis

223 3111 366 3175 membra
393 3113 445 3175 vel
473 3114 581 3194 partes
611 3132 649 3174 ea
676 3111 944 3196 transducuntur,
977 3134 1058 3198 quae
1090 3113 1129 3176 de
1151 3115 1222 3177 toto
1254 3113 1367 3178 eodem
1394 3114 1525 3180 homine

221 3217 351 3302 proprie
374 3218 495 3300 valent,
519 3220 575 3282 aut
599 3217 716 3300 quibus
741 3218 887 3303 singulae
911 3222 1019 3302 partes
1043 3220 1091 3284 ita
1111 3220 1203 3303 quasi
1221 3242 1280 3304 per
1298 3241 1332 3285 se
1350 3223 1526 3305 ponuntur,

221 3327 258 3388 ut
290 3325 340 3388 sui
369 3324 449 3388 iuris
483 3346 552 3388 esse
584 3345 741 3407 personae
769 3324 948 3389 videantur.
995 3324 1093 3391 Cuius
1126 3326 1263 3391 rationis
1296 3327 1420 3412 figurae
1453 3349 1525 3391 cum

222 3429 306 3514 apud
331 3452 441 3494 omnes
464 3430 531 3494 fere
555 3431 729 3513 scriptores
753 3432 986 3497 usitatissimae
1006 3434 1081 3517 sint,
1105 3455 1202 3518 quam
1220 3434 1419 3516 brevissime,
1442 3456 1524 3518 quae

222 3519 400 3619 Aeschylus
428 3537 575 3621 praebet,
608 3537 755 3618 exempla
786 3559 976 3622 proponam.
1023 3537 1283 3623 Clytaemnestra
1313 3541 1413 3626 igitur
1436 3540 1527 3627 Aga·

223 3664 426 3708 memnonem
449 3643 545 3708 Troia
568 3642 755 3706 redeuntem
780 3643 902 3707 salutat
923 3644 1024 3708 hisce:
1052 3645 1117 3710 νῦν
1141 3643 1274 3728 δόμοι,
1298 3643 1406 3730 Ῐφίλον
1429 3642 1524 3730 κάρα,

220 3744 369 3833 'Fadum'
395 3745 525 3834 ἀπήνης
548 3751 648 3834 τῆσδε
672 3747 748 3834 (Ag.
770 3772 798 3814 v.
817 3750 882 3814 905
897 3749 967 3838 sq).
990 3789 1032 3800 -
1057 3749 1160 3815 Simili
1184 3753 1279 3817 modo
1303 3752 1434 3817 Electra
1456 3776 1527 3837 per·

228 3856 393 3941 eleganter
420 3855 580 3938 Orestem,
608 3860 781 3940 postquam
809 3859 957 3942 agnovit,
989 3859 1178 3942 alloquitur:
1211 3848 1237 3922 oi
1265 3855 1409 3942 τερπνὸν
1437 3855 1527 3943 ὄμμα

229 3961 389 4044 τέσσαρας
426 3966 544 4047 μοίρας
580 3965 657 4045 ἔχον
691 3959 796 4047 Ἐμοί·
827 3966 1024 4048 προσαυδᾶν
1061 3960 1093 4029 δ’
1128 3961 1193 4029 ἔστ’
1228 3961 1418 4048 ἀναγκαίως
1449 3969 1527 4052 ἔχον

228 4068 362 4153 Πατέρα
394 4092 429 4134 τε
459 4067 515 4132 καὶ
546 4064 584 4133 τὸ
617 4065 741 4152 μητρός
773 4069 806 4145 ἐς
838 4069 877 4135 σε’
906 4095 963 4153 μοι
996 4070 1086 4156 ῥέπει
1116 4070 1337 4157 Στέργηθρον
1370 4069 1527 4158 (Choeph.

225 4198 255 4240 v.
278 4177 341 4241 238
367 4174 458 4261 sqq).
504 4174 604 4239 Velut
630 4176 683 4240 hic
711 4198 788 4241 voce
817 4172 905 4261 ὄμμα
938 4178 985 4242 ita
1012 4179 1078 4242 illic
1105 4200 1182 4244 voce
1210 4177 1296 4261 κάρα
1324 4181 1528 4246 carissimum

226 4286 259 4346 et
280 4282 526 4346 dilectissimum
549 4282 687 4366 quidque
712 4283 914 4366 significatur
937 4279 991 4370 (cf.
1006 4307 1035 4368 p.
1062 4282 1126 4370 12).
1150 4322 1193 4330 —
1216 4284 1364 4351 Eteocles
1389 4287 1468 4352 adeo
1493 4311 1528 4354 se

226 4410 260 4452 re
283 4389 412 4473 publica
435 4389 646 4474 gubernande
669 4394 860 4474 occupatum
885 4412 954 4455 esse
978 4391 1070 4476 dicit,
1097 4395 1133 4456 ut
1161 4415 1201 4456 ne
1226 4415 1375 4458 somnum
1399 4395 1528 4479 quidem

226 4517 340 4579 capere
373 4497 435 4560 sibi
459 4496 566 4564 liccat.
583 4494 669 4580 Sept
698 4520 726 4561 v.
755 4497 789 4560 3:
825 4496 976 4583 βλέφαρα
1008 4493 1053 4582 μὴ
1085 4500 1212 4581 κοιμῶν
1242 4493 1362 4588 harpa
1401 4501 1439 4565 cf.
1469 4501 1529 4586 Ag.

226 4627 254 4668 r,
275 4604 353 4668 889:
378 4602 415 4667 ἐν
438 4597 621 4681 ὀψικοίτοις
644 4596 675 4666 δ’
702 4599 826 4688 ὄμμασι
849 4600 975 4687 βλάβας
999 4607 1071 4690 ἔχει.
1091 4641 1132 4652 -—
1156 4605 1249 4670 Oculi
1274 4608 1413 4691 sagittas
1436 4608 1530 4693 quasi

224 4709 386 4793 proiciunt
419 4707 527 4792 Suppl.
551 4731 579 4772 v.
606 4710 691 4773 1003
715 4731 803 4794 sqq:
839 4709 895 4774 καὶ
931 4713 1111 4797 παρθένιον
1147 4713 1315 4795 χλιδαῖσιν
1347 4707 1530 4800 εὐμόρφοις

226 4812 279 4880 ἐπὶ
303 4815 377 4890 Πάς
399 4836 449 4889 τις
471 4811 650 4898 παρελθὼν
674 4811 820 4900 ὄμματος
841 4813 1041 4903 θελκτήριον
1066 4813 1203 4902 Τόξευμ’
1234 4821 1388 4903 ἔπεμψεν,
1413 4820 1530 4907 ίμίρου

225 4918 434 5007 νικῶμευος.;
468 4943 606 5005 quocum
629 4923 699 4988 loco
733 4925 883 4990 convenit
914 4924 976 5010 Ag.
999 4949 1029 4992 v.
1053 4927 1132 4992 742:
1163 4922 1339 5010 μαλθακὸν
1372 4923 1530 5013 ὀμμάτων

1298 5037 1315 5086 2
