3610 5542
764 417 980 481 ..35.„

222 577 367 653 Quocum
390 578 460 641 loco
483 577 550 640 fere
574 577 722 660 congruit
746 574 831 660 Sept.
855 599 882 639 v.
906 576 971 640 585
987 597 1045 660 sq.:
1073 575 1191 658 πατρίς
1212 596 1248 639 τε
1271 585 1353 656 γαῖα
1376 575 1439 658 σῆς
1462 568 1528 638 ὑπὸ

221 685 371 766 σπονδῆς
394 681 469 767 δορί
488 677 632 746 Ἀλοῦσα
655 684 723 759 πῶς
747 698 800 747 σοι
825 681 991 767 ξύμμαχος
1015 677 1262 766 γενήσεται;65).
1279 717 1316 726 -
1344 681 1406 745 Per
1429 684 1528 744 meto·

221 791 368 874 nymiam
391 789 488 854 hasta
511 785 681 873 σύμμαχος
704 792 838 853 vocatur
856 789 949 853 Eum.
972 810 1000 854 v.
1021 788 1094 852 773.
1120 824 1158 834 -
1184 786 1330 871 Denique
1354 787 1451 850 etiam
1476 787 1530 851 ab·

224 900 345 961 stracta
368 897 429 960 hac
452 896 579 960 ratione
598 896 815 989 celebrantem
840 896 985 979 mythico
1009 895 1094 958 enim
1117 895 1250 959 notione
1273 895 1399 958 iustitia
1422 893 1531 977 depin-

221 1005 310 1087 gitur
338 1004 423 1067 bunc
451 1004 485 1067 in
512 1003 641 1067 modurn
671 1002 813 1085 Choeph.
841 1026 868 1065 v.
893 1003 973 1066 497:
1010 997 1084 1084 ἤτοι
1113 1002 1210 1083 δίκην
1239 1005 1330 1066 ίαλλε
1354 997 1530 1084 σύμμαχον

222 1113 341 1194 φίλοις.
365 1145 409 1155 -—
433 1109 544 1193 Suppl.
567 1133 596 1174 v.
611 1110 692 1175 395:
717 1106 887 1193 ξύμμαχον
911 1105 942 1172 δ’
970 1103 1127 1191 ἑλόμενος
1149 1108 1257 1173 δίκαν.

310 1214 540 1300 Perelegantcr
555 1239 638 1301 aqua
657 1221 690 1280 et
708 1217 794 1302 ignis
814 1215 974 1280 coniurati
993 1215 1196 1298 inducuntur,
1220 1216 1276 1300 qui
1295 1215 1423 1281 foedere
1442 1215 1529 1280 facto

221 1323 286 1386 iam
309 1323 446 1386 invicem
470 1324 531 1388 sibi
557 1324 629 1387 lidei
653 1324 793 1408 pignora
811 1322 980 1404 dederunt,
1002 1319 1200 1406 Argivorum
1220 1325 1260 1384 ut
1279 1321 1416 1405 perdant
1438 1343 1547 1386 exer-1

223 1431 319 1494 citum
346 1431 405 1513 Ag.
429 1451 457 1492 v.
477 1429 542 1493 650
559 1452 638 1514 sqq.:
667 1413 865 1513 ξυνώμοσαν
888 1425 963 1510 γάρ,
988 1423 1082 1504 όντες
1105 1430 1254 1511 ἔχθιστοι
1276 1423 1314 1492 τὸ
1338 1431 1428 1512 πρίν,
1453 1428 1531 1512 Πῦρ

222 1533 277 1599 καὶ
296 1531 464 1616 θάλασσα,
482 1530 591 1599 καὶτὰ
606 1530 694 1598 πίστ’
717 1531 887 1617 ἐδειξάτην
905 1536 1090 1618 Φθείροντε
1108 1528 1168 1598 τὸν
1188 1530 1356 1616 δύστηνον
1373 1528 1531 1618 Ἀργείων

223 1637 374 1726 στρατόν.
398 1679 441 1686 -
465 1639 622 1705 Similiter
645 1664 777 1706 somnus
801 1645 833 1704 et
856 1642 949 1704 labor
972 1640 1134 1705 coniuncti
1158 1645 1246 1722 sunt,
1274 1644 1312 1704 ut
1334 1639 1448 1704 Furias
1473 1663 1529 1724 op·
1552 1659 1567 1678 ·

225 1748 368 1831 primant
385 1747 479 1812 Eum.
503 1770 531 1812 v.
554 1749 630 1812 127:
660 1743 766 1824 ὕπνος
788 1744 892 1826 πόνος
914 1771 949 1812 τε
971 1744 1083 1832 κύριοι
1107 1743 1366 1831 συνωμόται...

202 1861 205 1866 ’
311 1854 358 1919 Ut
378 1858 510 1937 ceteras,
534 1877 616 1940 quae
634 1854 696 1918 huc
715 1855 889 1937 pertinent,
913 1853 1186 1918 conformationes
1207 1854 1383 1919 adiciamus
1408 1853 1446 1918 de
1465 1854 1531 1918 bel-

222 1961 310 2025 landi
334 1962 469 2025 notione
493 1962 714 2044 depromptas,
742 1961 922 2026 immolatio
945 1960 1134 2046 Iphigeniae
1162 1961 1304 2026 effectrix
1327 1962 1416 2025 rixae
1440 1961 1530 2024 effin-

222 2066 310 2152 gitur
332 2067 394 2151 Ag.
413 2090 441 2133 r.
463 2068 524 2133 151
541 2090 623 2152 sqq.:
648 2066 858 2150 σπευδομένα
876 2069 1004 2131 θυσίαν
1028 2064 1197 2151 ἑτέραν...
1221 2065 1358 2132 νεικέων
1381 2066 1528 2132 τέκτονα.

224 2173 276 2238 Sic
300 2174 385 2238 enim
410 2195 529 2257 omnes,
553 2175 638 2258 quod
663 2175 772 2256 sciam,
794 2174 880 2238 hunc
898 2174 1003 2238 locum
1028 2174 1223 2258 intellegunt
1246 2177 1379 2257 excepto
1399 2174 1531 2259 Keclrio,

224 2281 278 2364 qui
301 2277 439 2344 νεικέων
462 2279 599 2344 τέκτονα
624 2279 810 2344 Atridarum
834 2273 1003 2363 ἀλάστορα
1028 2279 1211 2364 significare
1236 2281 1351 2343 statuit
1381 2277 1459 2365 (vid.
1483 2280 1530 2346 cd.

223 2410 253 2471 p.
271 2386 419 2472 238sq.).
456 2385 518 2451 Sed
542 2387 629 2451 mibi
645 2386 772 2471 quidem
796 2387 846 2450 vir
869 2386 1073 2451 doctissimus
1096 2407 1160 2450 non
1185 2387 1355 2469 persuasit.
1377 2424 1414 2433 —
1436 2385 1532 2451 Prac-

226 2494 313 2557 clara
336 2494 550 2557 translatione
573 2494 693 2558 ferrum
718 2495 848 2558 effertur
870 2499 1025 2578 tanquam
1049 2492 1170 2556 arbiter
1193 2493 1313 2557 bellum
1335 2515 1530 2577 componens

226 2598 309 2684 Sept.
333 2622 361 2663 v.
381 2601 443 2664 941
462 2623 541 2686 sqq.:
574 2597 691 2684 πικρὸς
716 2597 817 2686 λυτὴρ
845 2599 984 2666 νεικέων
1007 2593 1041 2662 Ὁ
1067 2594 1203 2676 πόντιος
1231 2599 1337 2677 ξεῖνος
1365 2600 1400 2664 ἐκ
1427 2596 1532 2685 πυρὸς

224 2703 341 2781 συθεὶς
369 2701 495 2790 Θηκτὸς
518 2707 663 2791 σίδαρος.
690 2745 726 2752 -
753 2707 901 2771 Eandem
929 2707 995 2770 fere
1020 2705 1120 2790 gladii
1149 2704 1343 2792 depingandi
1372 2709 1531 2772 rationem

225 2815 322 2894 poeta
346 2813 490 2897 sequitur
514 2812 600 2898 Sept.
623 2836 652 2879 v.
672 2816 734 2878 727
752 2837 831 2898 sqq.:
861 2812 954 2890 ξένος
978 2809 1014 2876 δέ
1037 2808 1182 2893 κλήρους
1205 2812 1354 2900 ἐπινωμᾷ
1379 2811 1533 2897 Χάλυβος

224 2919 373 2982 Σκυδῶν
392 2914 543 3002 ἄποικος,
567 2917 728 2985 Κτεόνων
750 2921 1014 3006 χρηματοδαίτας
1031 2915 1162 3012 πικρός,
1187 2913 1357 3002 ὠμόφρων
1384 2922 1532 3006 σίδαρος.

227 3019 290 3109 (Of.
305 3022 444 3110 Ohoeph.
468 3049 495 3091 r.
519 3027 579 3091 159
595 3027 686 3111 sqq.).
707 3026 823 3092 Schola
850 3027 1138 3109 σεσωματοποίηκε
1162 3020 1225 3107 γὰρ
1243 3022 1303 3090 τὸν
1323 3029 1532 3111 σίδηρον...
1554 3009 1562 3026 ’

225 3129 277 3194 Ad
306 3135 592 3217 ,,χρηματοδαίτας
619 3129 757 3218 πικρός“
786 3133 930 3198 conferre
958 3133 1047 3196 iuvat
1070 3130 1158 3215 Sept.
1184 3154 1212 3195 v.
1233 3133 1310 3214 711,
1337 3134 1393 3198 ubi
1417 3133 1532 3219 Oedipi

224 3240 459 3304 exsecrationes
483 3236 645 3328 πατρῴων
669 3235 846 3324 χρημάτων
869 3235 1022 3323 δατήριοι
1044 3241 1211 3304 vocantur.

312 3345 422 3410 Etiam
454 3347 587 3411 vindicis
622 3351 654 3411 et
689 3348 861 3412 servatoris
894 3347 1061 3410 notionem
1095 3345 1274 3428 Aeschylus
1308 3348 1530 3430 metaphorice

226 3451 365 3514 exhibet.
405 3450 491 3516 Nam
521 3475 665 3518 cruorem
694 3454 947 3537 Agamemnonis
976 3453 1073 3518 caede
1101 3452 1237 3516 effusum
1265 3452 1418 3517 describit
1445 3454 1532 3519 hisce

224 3554 368 3640 Ohoeph.
396 3579 425 3620 v.
449 3559 505 3622 67:
537 3561 628 3634 τίτας
655 3555 760 3641 φόνος
787 3557 932 3641 πέπηγεν
960 3554 1001 3622 od
1031 3554 1227 3642 διαρρύδαν.
1257 3594 1298 3604 -
1327 3559 1436 3644 Atque
1464 3583 1532 3644 my-

224 3663 313 3726 thica
342 3665 494 3745 opinione
520 3653 687 3750 Ἀλόστωρ
716 3666 770 3728 ille
797 3665 884 3730 Iovis
916 3666 1097 3749 appellatur
1124 3665 1242 3730 vindex
1271 3666 1379 3730 omnia
1407 3669 1532 3752 conspi-

225 3769 322 3851 ciens,
347 3770 466 3832 sicum
486 3769 675 3836 Oberdiclrio
701 3778 732 3836 ct
753 3768 870 3836 Weilio
890 3768 1114 3855 Hermanni⁶⁶)
1139 3773 1333 3854 scripturam
1354 3774 1532 3857 sequimur:

227 3882 314 3940 Δῖον
339 3872 529 3959 ἐπιδόμενοι
553 3875 723 3963 πράκτορα
746 3877 941 3944 πόνσκοπον
965 3877 1089 3964 (Suppl.
1113 3901 1141 3942 v.
1157 3875 1246 3961 646).
1269 3915 1311 3924 —
1335 3878 1534 3962 Perpulchra

225 3982 338 4046 deinde
363 3983 507 4068 imagine
526 3983 785 4067 Clytaemnestra
804 3985 1083 4072 Agamemnonem
1102 3987 1269 4066 comparat
1291 4006 1363 4049 cum
1382 3985 1457 4050 fune
1477 4010 1533 4050 an·

226 4090 363 4171 aerario,
396 4090 450 4174 qui
479 4090 570 4154 navis
598 4095 753 4175 tanquam
787 4095 932 4157 servator
961 4096 1010 4156 est
1037 4093 1098 4174 Ag.
1126 4112 1154 4153 v.
1178 4090 1257 4154 897:
1294 4091 1426 4176 σωτῆρα
1451 4090 1533 4168 ναὸς

225 4191 449 4280 πρότονονθῖ).
482 4233 519 4242 -
550 4195 597 4260 De
621 4197 681 4282 Ag.
708 4221 737 4262 v.
757 4200 835 4281 664,
863 4199 918 4262 ubi
941 4196 1085 4261 Fortuna
1113 4218 1190 4260 voce
1218 4193 1328 4280 σωτήρ
1359 4199 1533 4284 extollitur,

226 4300 286 4365 rid.
310 4324 340 4384 p.
361 4301 415 4366 23.
433 4339 473 4347 —
495 4301 640 4386 Denique
664 4305 726 4368 huc
749 4306 854 4369 refero
880 4305 990 4388 Suppl.
1012 4327 1041 4369 r.
1057 4302 1121 4368 805
1134 4325 1216 4387 sqq„
1240 4305 1296 4368 ubi
1315 4303 1421 4370 Danai
1443 4306 1530 4370 filiae

225 4411 363 4472 mortem
388 4409 451 4473 sibi
474 4416 660 4496 precantur,
689 4413 807 4496 quippe
836 4433 917 4496 qnae
942 4432 975 4474 se
998 4410 1174 4473 liberatura
1198 4411 1241 4473 sit
1269 4433 1288 4474 a
1311 4412 1432 4494 nuptiis
1459 4433 1531 4476 cum

226 4513 371 4599 Aegypti
398 4516 474 4578 filiis
503 4515 668 4580 faciendis:
700 4517 823 4582 ἐλθέτω
847 4517 964 4602 μόρος,
994 4511 1058 4597 πρὸ
1082 4518 1194 4592 κοίτας
1222 4521 1388 4600 γαμηλίου
1410 4514 1532 4601 τυχών,

225 4615 378 4697 όλλύτας.
401 4617 478 4688 ,τίν’
505 4615 548 4686 διν
572 4619 678 4707 πόρον
701 4622 836 4706 τέμνοιν
859 4620 970 4707 γόμον
992 4620 1188 4706 λυτηραςθθ).

316 4726 386 4792 Iam
409 4750 484 4792 vcro
510 4751 563 4792 eas
583 4731 813 4795 translationes
836 4731 1019 4814 perquirere
1043 4751 1060 4792 e
1084 4751 1117 4794 re
1135 4729 1240 4794 risum
1260 4736 1323 4815 est,
1346 4732 1462 4815 quibus
1481 4753 1532 4796 res

225 4835 387 4898 inanimae
411 4837 590 4920 mentisque
614 4837 763 4902 notiones
788 4837 895 4902 cilicio
925 4837 1064 4920 quodam
1088 4841 1238 4921 suscepto
1266 4839 1373 4903 minus
1399 4859 1532 4922 corpore

226 4940 349 5025 aliquid
381 4961 476 5024 agere
509 4965 604 5028 quam
637 4944 676 5007 ad
710 4941 826 5010 munus'
854 4943 983 5026 aliquod
1017 4943 1253 5027 exsequendum
1287 4946 1382 5028 quasi
1414 4945 1531 5010 mentis

1281 5049 1319 5103 3*
