3610 5542
756 379 973 442 ,31-

213 538 365 621 ποταμού
391 536 507 602 παισὶν
532 533 712 623 βιοδώροις
733 535 811 622 ¹(int.
835 532 981 624 ἀγείρω).
1008 575 1045 585 -
1071 538 1184 604 Multis
1208 539 1318 603 liberis
1346 542 1441 603 aucta
1463 538 1521 601 fin-

216 648 339 729 guntur
360 645 494 709 flumina
517 642 627 728 Suppl.
653 645 878 730 v.1027sqq.:
905 639 1074 728 ποταμούς
1098 639 1130 710 δ’
1156 647 1191 708 οἳ
1213 639 1269 708 διὰ
1294 641 1405 729 χιόρας
1426 649 1520 708 θελε-

202 746 279 834 Ιμὸν
302 751 401 835 ποίμα
423 753 558 836 χέουσιν
582 747 801 834 Πολύτεκυοι,
826 754 979 837 λιπαροῖς
1001 747 1142 835 χεύμασι
1165 755 1262 834 γαίας
1288 747 1373 815 Τόδε
1398 753 1521 834 μειλίσ-

214 873 329 934 σοντες
348 846 459 935 οὖδας.
497 856 621 933 Quibus
641 857 770 941 quidem
788 858 864 942 quid
884 859 946 923 sibi
965 859 1104 929 voluerit
1126 861 1233 942 poeta,
1257 879 1295 921 ex
1313 858 1392 940 ipsis
1412 858 1519 922 verbis

213 966 319 1029 minus
348 966 463 1048 elucet,
496 987 593 1050 quam
625 968 662 1028 ut
693 964 771 1048 quid
798 959 995 1030 πολύτεκνοι
1028 964 1109 1029 illud
1139 964 1312 1048 significet,
1344 987 1404 1048 pro
1434 969 1521 1029 certo

214 1071 383 1136 diiudicari
411 1092 508 1155 posse
534 1071 689 1136 videatur.
739 1069 887 1156 Namque
920 1073 1077 1136 incertum
1106 1075 1167 1154 est,
1200 1074 1309 1135 utrum
1337 1071 1522 1156 graminum

213 1178 390 1262 florumque
418 1179 557 1261 copiam,
580 1198 661 1261 quae
685 1177 719 1240 iu
742 1177 822 1262 ripis
852 1200 936 1262 aqua
958 1178 1081 1242 fluviali
1110 1178 1287 1261 superfusis
1317 1181 1523 1260 enascuntur,

213 1285 267 1348 ille
290 1283 476 1368 respexerit,
500 1305 542 1347 an
565 1284 654 1367 ipsas
678 1306 777 1367 aquas
801 1284 1005 1367 intellexerit,
1030 1307 1110 1370 quas
1132 1284 1265 1348 numina
1288 1284 1456 1348 fluminum
1482 1284 1522 1348 ad

214 1413 292 1457 arva
314 1390 479 1476 irriganda
502 1411 519 1454 e
541 1389 686 1455 fontibus
715 1411 815 1475 usque
845 1391 937 1475 quasi
960 1395 1120 1477 parerent.
1167 1389 1258 1466 Quod
1286 1390 1367 1453 mihi
1392 1390 1519 1474 quidem

215 1497 423 1579 verisimilius
451 1495 588 1578 videtur,
618 1519 689 1561 cum
718 1519 949 1581 saepenumero
977 1498 1113 1564 flumina
1143 1520 1297 1584 aquarum
1325 1495 1522 1582 pareuter⁵⁸)

214 1607 376 1670 vocentur.
421 1602 544 1669 Contra
570 1624 696 1687 omnes,
724 1604 809 1688 quod
837 1606 949 1688 sciam,
976 1605 1032 1689 qui
1059 1606 1089 1671 h.
1113 1606 1135 1669 l.
1159 1605 1364 1689 interpretati
1392 1601 1522 1689 sunt⁵⁹),
1607 1622 1612 1634 ·

215 1713 354 1795 priorem
381 1710 473 1774 illam
503 1711 697 1774 sententiam
727 1711 756 1774 ei
784 1712 916 1777 subesse
945 1712 1073 1796 volunt,
1104 1712 1327 1793 scholiastam,
1354 1710 1388 1774 ni
1416 1710 1522 1794 fallor,

217 1819 329 1902 secuti,
353 1818 408 1902 qui
431 1819 671 1900 ,πολυτεκνίας
692 1812 870 1901 πρόξενοιιι
894 1817 934 1880 ad
958 1814 1157 1882 nutriremur
1181 1817 1324 1882 adnotat.
1351 1855 1388 1864 —
1413 1816 1523 1881 Etiam

216 1925 390 1990 abstractis
408 1924 574 1988 nonnullis
595 1919 683 2009 (όίτη,
702 1919 837 2022 πότμος,
859 1919 973 2005 πόνος,
998 1923 1171 2009 δυσσεβία)
1191 1924 1284 1989 liberi
1304 1923 1433 1987 dautur:
1461 1922 1523 2006 Ag.

215 2055 243 2096 v.
262 2032 328 2097 385
338 2054 397 2116 sq.:
430 2032 543 2113 βιᾶται
567 2025 599 2094 δ’
624 2023 647 2093 δι
669 2029 809 2094 τάλαινα
832 2027 954 2112 πειθώ,
983 2028 1242 2115 Προβουλόπαις
1265 2026 1409 2116 ἄφερτος
1432 2025 1523 2113 ἄτας,

172 2163 179 2178 ·
216 2162 298 2224 quae
322 2139 422 2203 verba
440 2137 648 2202 Hermaunus
672 2137 796 2221 optime
820 2139 866 2202 sic
890 2138 999 2202 vertit:
1022 2142 1143 2223 „urget
1166 2141 1203 2202 ut
1221 2138 1369 2202 homines
1396 2137 1430 2202 in
1454 2160 1523 2222 per-

216 2245 333 2311 niciem
356 2247 465 2328 ruant,
494 2243 599 2308 audax
623 2243 733 2326 suada,
756 2243 934 2308 consultrix
956 2245 1023 2310 filia
1048 2246 1204 2310 effrenata
1226 2245 1366 2328 culpae.“
1411 2243 1524 2328 Neque

215 2353 303 2418 iusta
325 2351 406 2416 mihi
429 2350 555 2415 videtur
578 2371 648 2416 esse
672 2371 782 2433 causa,
810 2373 867 2415 cur
889 2351 1040 2416 nonnulli
1063 2351 1125 2415 viri
1147 2351 1234 2416 docti
1262 2353 1420 2416 traditum
1443 2352 1523 2417 illud

215 2453 464 2544 προβουλόπαις
485 2458 520 2520 in
539 2456 774 2521 dubitationem
794 2462 945 2522 vocantes
970 2458 1025 2523 alii
1049 2481 1120 2524 cum
1140 2457 1311 2544 Hartungo
1330 2454 1524 2544 προβούλου

215 2577 303 2647 παῖς,
328 2564 384 2629 alii
406 2586 479 2628 cum
502 2563 676 2629 Karstenio
698 2560 897 2648 πρόβουλος,
921 2575 1064 2642 παῖς...
1088 2566 1122 2629 in
1144 2569 1270 2631 textum
1293 2561 1523 2651 receperintffl).

219 2711 256 2722 —
283 2672 439 2737 Pulchros
466 2671 550 2737 filios
580 2671 683 2736 fatum
710 2670 810 2736 habet
832 2671 894 2756 Ag.
921 2694 950 2736 v.
975 2673 1114 2756 761sq.:
1147 2678 1250 2738 οἴκων
1278 2667 1310 2736 δ’
1336 2664 1391 2756 ἄρ’
1423 2664 1524 2736 εὐθυ-

218 2782 320 2844 δίκων
339 2781 526 2854 Καλλίπαις
543 2774 669 2860 πότμος
688 2773 750 2859 ἀεί,
769 2779 885 2863 quibus
905 2779 1020 2862 verbio,
1044 2782 1082 2843 ut
1099 2777 1258 2844 Schuetaii
1277 2779 1524 2864 explicationem

219 2887 392 2970 ascribam,
420 2885 474 2949 hic
497 2885 564 2949 fere
592 2906 705 2949 sensus
729 2885 854 2950 subest:
883 2907 943 2969 „cx
965 2885 1090 2950 iustitia
1112 2907 1177 2951 non
1202 2885 1257 2950 alii
1280 2885 1345 2950 nisi
1366 2885 1469 2950 fausti
1493 2888 1525 2949 et

220 2992 296 3055 boni
323 2994 454 3058 eventus
483 2991 687 3056 nascuntur.“
709 3027 751 3038 -·
776 2991 888 3056 Gloria
915 2991 1036 3057 laboris
1059 2995 1108 3056 est
1137 2993 1203 3057 filia
1229 2993 1345 3080 fragm.
1368 2992 1447 3059 306:
1479 2992 1524 3080 τῷ

219 3098 378 3163 πονοῦντι
398 3093 430 3163 δ’
457 3097 492 3163 ἐκ
510 3099 603 3163 θεῶν
619 3092 799 3180 Ὀφείλεται
818 3096 968 3182 τέκνωμα
991 3099 1052 3163 τοῦ
1071 3095 1180 3163 πόνου
1198 3097 1301 3175 κλέος.
1319 3135 1357 3144 —-
1377 3098 1525 3182 Denique

219 3205 370 3289 superbia
392 3206 570 3290 impietatis
596 3205 661 3269 lilia
681 3206 864 3290 appellatur
881 3205 976 3272 Eum.
994 3228 1023 3270 v.
1039 3205 1118 3269 534:
1148 3206 1326 3288 δυσσεβίας
1344 3201 1406 3288 μὲν
1428 3197 1526 3288 ὕβρις

217 3309 309 3388 τέκος
337 3306 382 3389 νίς
409 3307 543 3397 ἐτύμως.
585 3311 674 3388 Quae
703 3313 831 3397 quidem
859 3314 957 3379 verba
985 3312 1054 3376 sine
1082 3311 1180 3376 dubio
1208 3313 1242 3376 in
1267 3311 1431 3396 proverbii
1453 3309 1526 3374 'fere

218 3418 484 3484 consuetudinem
503 3419 569 3484 iam
587 3424 752 3485 venerant.
770 3417 996 3485 —Praeterea
1015 3418 1162 3484 conferas
1183 3416 1272 3503 Sept.
1285 3441 1313 3483 v.
1328 3418 1408 3500 6623
1431 3416 1525 3481 Eum.

216 3548 247 3589 v.
266 3527 301 3612 63
323 3524 401 3591 ibid.
423 3548 452 3592 r.
467 3526 540 3591 416.

306 3623 439 3718 Insigne
459 3633 688 3698 documentum
712 3633 862 3697 audaciae
881 3631 1080 3717 Aeschyleae
1102 3632 1164 3696 hae
1188 3631 1269 3697 duae
1292 3631 1451 3715 imagines
1475 3652 1525 3694 re·

217 3737 335 3822 ferunt,
353 3739 471 3823 quibus
485 3739 595 3804 fratris
616 3740 705 3804 notio
724 3739 860 3824 figurate
878 3739 1057 3805 adhibetur.
1094 3737 1184 3804 Sicut
1202 3739 1288 3802 enim
1307 3737 1415 3801 ffimus
1435 3737 1523 3821 ignis

219 3848 269 3908 est
297 3844 397 3909 frater
424 3843 511 3930 Sept
539 3869 568 3910 v.
591 3846 670 3910 494:
706 3842 827 3929 λιγνὺν
856 3844 1032 3928 μέλαιναν,
1060 3842 1179 3929 αἰόλην
1207 3839 1314 3929 πυρὸς
1335 3840 1449 3928 κιίσιν,
1478 3846 1525 3908 ita

219 3952 324 4034 pulvis
352 3952 413 4016 luti
440 3953 502 4038 Ag.
532 3975 560 4017 v.
578 3953 645 4018 494
655 3975 715 4037 sq.:
748 3964 910 4040 prorepat
936 3951 975 4018 δέ
1000 3977 1056 4037 μοι
1088 3949 1185 4030 κτίσις
1211 3953 1331 4035 Πηλοῦ
1363 3947 1526 4036 ξύνουρος

220 4059 315 4137 διψία
337 4053 440 4135 κόνις.

307 4165 481 4249 Reliquum
504 4169 562 4249 est,
585 4169 622 4230 ut
643 4187 764 4249 paucos
788 4167 877 4232 locos
896 4166 1120 4251 adiungamus,
1144 4167 1260 4250 quibus
1284 4167 1319 4230 in
1339 4166 1525 4231 universum

220 4271 513 4357 consanguinitatis
537 4272 627 4336 notio
651 4273 871 4357 metaphorice
894 4275 1075 4357 usurpatur.
1120 4273 1169 4336 Ac
1192 4275 1350 4356 cognatus
1378 4271 1525 4337 nomina·

219 4381 274 4442 tur
296 4378 461 4443 cincinnus
485 4379 554 4461 ille,
583 4400 677 4463 quem
701 4377 832 4444 Orestes
860 4380 895 4443 in
921 4379 1023 4463 patris
1054 4379 1180 4443 tumulo
1207 4378 1358 4463 deposuit
1381 4377 1525 4462 Choeph.

220 4506 248 4548 v.
269 4484 345 4549 199:
377 4477 398 4568 ἢ
422 4480 583 4569 ξυγγενὴς
606 4477 655 4550 alc
679 4479 745 4569 εἶχε
770 4491 976 4570 συμπενθεῖν
989 4479 1072 4568 Ιἐμοί
1096 4483 1154 4571 (sc.
1176 4481 1322 4571 πλόκος).
1348 4521 1386 4530 -
1413 4483 1525 4548 Timor

220 4591 334 4656 deinde
352 4591 562 4656 verecundiae
585 4592 784 4676 propinquus
804 4591 938 4676 fingitur
956 4591 1049 4656 Eum.
1072 4614 1101 4656 v.
1120 4593 1184 4656 693
1200 4615 1260 4676 sq.:
1284 4589 1382 4674 σέβας
1401 4585 1525 4655 Ἀστοίν

220 4693 328 4781 φόβος
353 4721 388 4762 τε
414 4693 643 4781 συγγενής...
682 4697 828 4782 Rapinae
856 4698 994 4782 denique
1022 4699 1304 4784 consanguinitate
1332 4696 1424 4782 quasi
1452 4719 1525 4761 con-

219 4805 349 4870 iunctae
373 4808 449 4869 sunt
471 4826 545 4870 oum
568 4803 714 4870 discursu
734 4804 821 4891 Sept.
840 4828 868 4871 v.
883 4805 962 4871 351:
993 4799 1138 4890 ἁρπαγαὶ
1163 4803 1200 4872 δὲ
1218 4805 1407 4890 διαδρομᾶν
1431 4796 1525 4888 ὁμαί-

221 4935 329 4995 μονες.
