3610 5542
795 333 1016 400 ..16-

254 493 450 559 monendum
475 495 601 560 videtur
624 514 736 559 earum
764 515 805 558 ne
832 515 930 558 unam
955 491 1084 577 quidem
1114 492 1381 558 conformationis
1405 493 1469 556 vim
1495 513 1560 556 ser-

252 621 362 682 ·vasse,
391 599 446 664 sed
479 601 544 666 iam
579 599 653 665 inde
684 601 725 666 ab
748 599 882 666 Homeri
914 599 1116 683 temporibus
1149 621 1205 664 eas
1237 598 1458 684 metaphorice
1492 620 1562 663 esse

254 711 435 790 usurpatas.
482 705 630 771 Breviter
657 712 766 773 tamen
794 707 943 791 exempla
972 706 1135 771 afferenda
1157 709 1242 771 sunt.
1287 705 1462 770 Oraculum
1487 705 1563 769 Del-

252 812 384 895 phicum
409 836 428 877 a
451 819 565 878 nostro
590 816 640 880 vel
664 815 725 898 γάς
749 809 900 898 ὀμφαλός
924 815 1059 877 vocatur
1082 809 1191 897 (llum.
1215 835 1243 876 v.
1266 812 1325 896 403
1346 835 1375 876 r.
1401 811 1488 898 166),
1512 814 1563 876 vel

254 919 397 1002 epitheto
421 915 636 1004 μεσόμφαλος
659 921 842 986 illustratur
865 915 1023 1004 (Ohoeph.
1048 941 1076 983 v.
1102 919 1202 1004 10363
1226 918 1287 1003 Ag.
1310 941 1339 982 r.
1367 917 1466 1006 1056)
1490 919 1510 983 i.
1534 941 1562 984 e.

255 1025 288 1088 in
313 1026 418 1090 medio
442 1030 547 1092 terrae
572 1027 725 1093 umbilico
749 1027 858 1092 situm.

341 1131 459 1198 Latera
482 1135 533 1198 vel
557 1139 666 1198 costae
690 1133 730 1198 ad
755 1153 871 1196 urnam
895 1131 1150 1196 transducuntur
1174 1127 1317 1214 Ghoeph.
1341 1154 1370 1195 v.
1394 1132 1474 1196 686:
1498 1183 1505 1198 .
1525 1182 1561 1198 ..

252 1237 389 1322 λέβητος
421 1238 563 1323 χαλκέου
596 1233 831 1323 πλευρώματα,
867 1238 908 1303 ad
940 1259 1034 1322 quem
1067 1239 1174 1302 locum
1207 1241 1341 1322 peropto
1373 1238 1562 1304 Dindorfius
1652 1303 1668 1318 ,,

256 1346 394 1410 contulit
417 1344 515 1430 Soph.
539 1345 588 1411 El.
613 1369 640 1411 v.
664 1347 722 1410 54:
745 1340 883 1428 τύπωμα
906 1339 1165 1430 χαλκόπλευρον.
1636 1377 1641 1384 -

343 1450 490 1518 Adneoto
514 1453 736 1536 metaphorae,
764 1471 846 1535 quae
874 1451 916 1515 ab
943 1451 1021 1516 ulna
1044 1451 1095 1514 vel
1122 1450 1274 1516 bracchio
1299 1455 1396 1536 atque
1420 1474 1440 1516 a
1462 1474 1560 1516 manu
1592 1522 1597 1535 Ι

255 1557 409 1622 deductae
429 1559 512 1643 apud
528 1559 725 1643 Aeschylum
744 1557 840 1622 nobis
860 1559 1047 1623 offeruntur.
1087 1559 1133 1623 Ac
1156 1578 1267 1622 vocem
1291 1552 1419 1641 άγκάλη
1443 1558 1498 1622 ille
1521 1558 1561 1622 ad

254 1687 365 1730 saxum
385 1666 543 1730 transfert
560 1665 667 1730 Prom.
683 1687 710 1728 v.
728 1663 827 1728 1019:
850 1665 987 1744 πετραία
1011 1658 1042 1727 δ’
1069 1658 1195 1747 ἀγκάλη
1220 1680 1256 1729 σε
1275 1659 1442 1746 βαστάσει.
1480 1662 1561 1728 Sunt

253 1774 361 1834 autem
378 1772 476 1836 verba
490 1769 641 1835 Mercurii
658 1770 872 1854 praedicentis
887 1769 1124 1852 Prometheum,
1138 1771 1203 1834 nisi
1222 1771 1375 1836 ferociam
1395 1776 1560 1835 contuma-

253 1859 398 1960 ciamqu'e
418 1876 611 1960 deposuerit,
635 1899 699 1940 una
722 1898 794 1940 cum
820 1897 912 1960 saxu,
935 1877 1025 1940 euius
1050 1877 1144 1961 quasi
1167 1877 1336 1960 complexu
1359 1879 1519 1960 teneatur,
1543 1900 1562 1945 a

252 1983 329 2064 Iove
353 1983 385 2046 in
408 1983 601 2066 profundum
624 1983 782 2048 deiectum
806 1984 855 2047 iri.
869 2018 906 2028 —
933 1983 1042 2048 Etiam
1066 1984 1148 2048 mari
1171 1983 1323 2049 bracchia
1347 1983 1562 2068 ascribuntur,

251 2090 298 2152 ita
316 2091 435 2172 tamen,
459 2079 495 2153 ut
518 2091 608 2154 sinus
629 2089 785 2154 maritimi
804 2089 1014 2174 intellegendi
1033 2091 1100 2154 sint
1118 2089 1261 2178 Choeph.
1275 2114 1300 2154 v.
1316 2089 1381 2154 586
1397 2112 1458 2174 sq:
1482 2086 1573 2155 πόν-·

251 2197 321 2260 τιαί
345 2190 374 2257 τ’
406 2190 548 2278 άγκάλαι
576 2193 760 2260 κνωδάλων
791 2191 950 2261 Ἀκταίων
984 2199 1117 2280 βροτοῖς
1152 2195 1341 2261 Πλαδοῦσι.
1366 2233 1408 2242 -
1433 2197 1561 2261 Adden-

252 2301 311 2364 dae
340 2305 418 2364 sunt
445 2302 604 2387 imagines
633 2303 672 2368 de
701 2324 799 2366 manu
822 2302 1046 2386 depromptae,
1074 2324 1156 2388 quae
1185 2302 1315 2386 quidem
1341 2325 1484 2386 prorsus
1506 2303 1560 2369 ob-

252 2407 304 2470 litt
290 2411 376 2471 ttera
378 2429 415 2470 ae
439 2407 548 2472 vident
534 2413 594 2472 t.ur
642 2408 749 2493 Atque
772 2409 836 2473 nisi
859 2409 955 2472 rebus
979 2409 1117 2473 infinitis
1140 2413 1238 2493 poeta
1261 2432 1333 2474 eam
1351 2431 1418 2473 non
1438 2410 1561 2492 tribuit,

249 2512 366 2577 tribuit
391 2515 599 2598 precibuset
622 2515 765 2598 planet
734 2538 767 2579 ur
792 2514 933 2599 Septv
960 2516 1022 2579 172
1043 2537 1102 2599 sq:
1126 2511 1240 2580 κλύετε
1263 2516 1434 2592 πανδίκως
1456 2539 1561 2600 χειρο-

249 2615 371 2696 τόνους
399 2617 491 2697 λιτάς
519 2618 644 2706 (preces
674 2643 789 2684 manus
818 2622 910 2705 quasi
939 2644 998 2704 pro
999 2619 1258 2716 λεοδευλοε).-
1218 2620 1426 2706 -—.Choeph
1450 2646 1479 2687 v.
1503 2623 1559 2686 23:

251 2720 398 2810 ὀξύχειρι
432 2722 496 2792 σύν
533 2724 624 2792 κόπω
632 2724 670 2813 32)
710 2725 874 2812 (planctus
912 2727 1068 2792 celeribus
1105 2717 1255 2792 manibus
1293 2729 1499 2812 praeditus'
1491 2752 1511 2794 1
1534 2751 1559 2794 e.

253 2832 349 2896 celeri
373 2855 526 2898 manuum
550 2838 641 2899 motu
666 2830 792 2921 editus).

344 2938 413 3002 Iam
438 2945 475 3003 ut
498 2940 676 3024 videamus,
701 2940 861 3023 quomodo
877 2962 983 3026 genua
999 2945 1032 3006 et
1044 2942 1142 3026 pedes
1157 2941 1378 3026 metaphorioo
1394 2963 1490 3006 sensu
1506 2941 1559 3005 ad-

251 3044 356 3108 hibita
376 3046 448 3130 sint,
463 3047 692 3111 venustissima
712 3046 968 3112 conformatione
987 3048 1067 3112 Asia
1085 3047 1259 3131 extollitur,
1276 3051 1313 3111 ut
1331 3047 1413 3131 quae
1433 3070 1560 3113 summo

250 3152 339 3216 luctu
363 3157 459 3237 atque
483 3173 627 3217 maerore
657 3152 771 3216 affecta
799 3157 932 3237 propter
960 3157 1010 3218 tot
1033 3153 1204 3218 Persarum
1232 3155 1364 3219 exitium
1393 3155 1426 3217 in
1454 3175 1561 3238 genua

252 3258 343 3341 quasi
372 3260 565 3342 procumbat
589 3258 675 3322 Pers.
698 3282 726 3323 r.
751 3259 815 3323 929
840 3283 900 3344 sq:
926 3255 1017 3325 Ἀσία
1047 3256 1084 3324 δὲ
1112 3255 1208 3344 χθών
1317 3261 1429 3337 Αίνώς
1457 3261 1562 3338 αίνώς

148 3359 150 3364 ’
251 3362 303 3429 ἐπὶ
336 3362 422 3448 γόνυ
453 3362 653 3451 κίκλιται22).
682 3403 725 3412 —
753 3365 923 3432 Praeclara
958 3367 1148 3451 metaphora
1181 3365 1441 3450 Clytaemnestra
1473 3367 1561 3450 Aga-

251 3493 456 3536 memnonem
480 3477 576 3537 vocat
597 3467 729 3557 ὑψηλῆς
753 3472 869 3558 στέγης
892 3474 1027 3540 Στῦλον
1051 3471 1181 3558 ποδήρη
1206 3469 1281 3558 (Ag.
1306 3494 1334 3536 v.
1358 3471 1449 3558 898),
1472 3471 1557 3558 quod

251 3579 449 3660 perabsurde
463 3578 584 3662 Papius
603 3603 661 3664 per
684 3603 795 3646 cavam
820 3582 1003 3646 columnam
1030 3582 1169 3666 explieat
1192 3576 1269 3664 (vid.
1283 3576 1373 3664 lem),
1397 3601 1557 3664 nusquam

250 3685 336 3748 enirn
365 3708 474 3750 vocem
503 3683 653 3770 ποδήρης
685 3685 914 3774 (compositum
944 3711 961 3752 e
989 3686 1073 3765 πούς
1106 3693 1138 3752 et
1166 3682 1251 3771 άρω,
1285 3679 1470 3773 άραρίσκω)
1499 3687 1560 3752 hae

253 3793 488 3876 significatione
521 3794 667 3857 adhiberi
699 3816 795 3878 posse
828 3795 899 3859 luce
933 3795 1049 3859 clarius
1083 3798 1140 3858 est.
1187 3793 1295 3857 Minus
1329 3797 1477 3858 accurate
1508 3815 1558 3856 me

252 3899 380 3982 quidem
409 3899 513 3963 iudice
542 3900 638 3963 etiam
664 3899 851 3964 Dindorfius
874 3899 1093 3965 Wellauerum
1124 3903 1253 3963 secutus
1280 3899 1339 3982 „ad
1363 3899 1464 3963 imum
1487 3921 1556 3983 per·

251 4003 402 4090 λὶοςοοε2
425 4006 665 4088 interpretatur.
712 4005 997 4070 Verumenimvero
1021 4005 1170 4071 columna
1193 4005 1414 4089 intellegenda
1438 4009 1487 4070 est
1510 4006 1557 4069 ita

249 4113 283 4175 in
307 4117 393 4176 terra
416 4112 533 4193 defixa,
561 4115 597 4177 ut
624 4115 780 4197 tanquam
804 4113 906 4177 firmis
937 4116 1000 4176 stet
1022 4112 1167 4196 pedibus.
1191 4151 1234 4158 —
1257 4111 1443 4176 Nonnullae
1467 4134 1558 4196 prae·

248 4222 338 4281 terea
361 4218 447 4301 apud
470 4221 616 4283 nostrum
642 4223 814 4284 occurrunt
838 4218 1068 4284 translationes
1087 4219 1174 4283 vocis
1198 4213 1362 4302 ποδώκης,
1387 4241 1469 4303 quae
1493 4220 1555 4282 etsi

248 4328 435 4389 attenuatae
467 4328 556 4409 sunt,
584 4325 631 4389 ita
661 4331 697 4390 ut
725 4327 939 4411 compositum
969 4347 1027 4408 pro
1057 4325 1194 4409 simplici
1224 4319 1312 4402 ώκύς
1335 4326 1478 4410 positum
1504 4325 1556 4410 sit,

248 4432 376 4515 insigne
395 4435 503 4494 tamen
526 4433 688 4515 specimen
707 4433 854 4497 sublimis
874 4426 1025 4516 Aebchyli
1045 4431 1195 4497 dictionis
1214 4433 1386 4517 praebent:
1410 4430 1556 4516 Ohoeph.

246 4561 274 4603 v.
299 4539 377 4602 576:
401 4533 545 4602 ποδώκει
568 4535 758 4622 περιβαλών
781 4535 991 4624 χαλκεύματι,
1016 4539 1101 4622 quod
1126 4539 1303 4604 scholiasta
1327 4538 1479 4623 explicat:
1508 4539 1554 4626 τῷ

246 4655 339 4738 ταχεί
361 4643 459 4729 ξίφει,
485 4645 574 4708 addit
598 4649 719 4709 autem:
744 4639 789 4722 ὡς
813 4643 865 4709 ἐπὶ
889 4640 1039 4729 ἐμψύχου
1064 4631 1154 4710 εἶπεν
1178 4643 1231 4732 (cf.
1252 4644 1338 4730 Sept.
1357 4669 1385 4709 v.
1405 4644 1495 4733 623).
1511 4683 1555 4692 -

247 4753 357 4816 Etiam
382 4775 432 4836 ea,
461 4773 541 4835 quae
566 4752 758 4837 cogitationi
781 4755 923 4836 tantum,
951 4774 1019 4816 non
1047 4753 1155 4816 sensui
1180 4754 1326 4817 subiecta
1350 4755 1437 4834 sunt,
1466 4753 1556 4818 velut

245 4855 368 4944 τρόπος
395 4863 427 4922 et
454 4854 573 4940 κακόν,
607 4880 684 4924 voce
716 4856 870 4943 ποδώκης
904 4859 997 4944 quasi
1026 4859 1093 4923 vita
1125 4859 1303 4924 induuntur
1333 4858 1448 4944 fragm.
1473 4859 1553 4924 258:
