3610 5542
794 346 1133 450 ,54..ι

248 507 436 575 Schuetaius
465 510 556 593 dioit,
585 507 853 574 sumministravit
879 512 1082 592 „serpantum
1105 509 1269 592 aspectus,
1298 506 1420 591 quibus
1445 503 1565 570 Eume-

248 615 360 680 nidum
384 618 488 682 erines
511 617 652 682 redimiti
678 615 797 681 erant“.
843 614 1037 681 Conferatur
1055 613 1142 698 Sept.
1155 637 1188 679 v.
1200 613 1274 698 676,
1299 615 1466 698 siquidem
1482 611 1564 678 Her·

250 743 387 786 mannus
412 721 472 808 (Il,
495 745 526 806 p.
550 723 616 786 324
640 721 699 807 sq.)
723 745 834 788 veram
862 723 1054 807 scripturam
1078 721 1249 788 revocavit.
1272 759 1316 768 —
1339 720 1392 786 De
1417 719 1565 804 Ohoeph.

248 851 277 895 v.
294 831 364 913 174,
388 829 445 894 ubi
468 827 547 912 θρίξ
569 830 756 894 nominatur
779 823 976 914 ὁμόπτερος,
999 829 1117 913 videas,
1141 850 1223 913 quaa
1246 827 1365 913 Hoppe
1391 829 1411 896 l.
1429 828 1454 893 l.
1473 851 1506 912 p.
1521 827 1565 893 24

253 935 438 1019 disputavit.

339 1041 440 1108 Paulo
464 1042 558 1107 aliter
582 1044 814 1128 subsequentes
838 1043 1070 1108 translationes
1093 1046 1184 1107 ortae
1208 1065 1278 1108 esse
1297 1043 1463 1136 videntur.
1502 1041 1566 1107 Na

250 1171 311 1234 que
336 1149 420 1213 enim
443 1153 577 1234 propter
595 1151 713 1235 speciei
734 1150 976 1216 similitudinem
996 1150 1156 1233 quandam
1175 1150 1225 1228 iis,
1249 1172 1331 1234 quae
1352 1151 1423 1216 vita
1442 1153 1567 1232 carent,

249 1257 299 1320 vel
323 1256 392 1320 alae
415 1256 602 1322 tribuuntur
624 1260 675 1323 vel
697 1257 827 1323 volandi
850 1258 999 1341 facultas,
1023 1257 1079 1322 sed
1103 1279 1159 1321 eae
1182 1257 1302 1340 partim
1326 1259 1374 1322 ita
1400 1257 1567 1341 explican-

250 1363 309 1428 dae
333 1368 422 1446 sunt,
450 1367 487 1428 ut
514 1385 720 1449 quaeeunque
750 1365 796 1428 sio
825 1367 997 1449 apparent,
1025 1368 1061 1427 ut
1082 1364 1167 1429 unde
1190 1365 1324 1429 veniant
1352 1364 1500 1447 nescias,
1530 1385 1568 1427 ea

250 1471 357 1535 avium
380 1474 497 1534 natura
520 1471 709 1556 induantur,
738 1475 850 1556 utpote
873 1492 954 1555 quae
983 1470 1067 1535 unde
1092 1470 1243 1534 advolent
1272 1473 1304 1535 et
1332 1492 1398 1555 quo
1424 1471 1567 1557 avolent,

248 1577 398 1661 ignorare
418 1580 588 1660 soleamus,
607 1579 727 1661 partim
747 1600 786 1642 ex
805 1575 1029 1662 analogia¹⁰⁸),
1052 1581 1087 1642 ut
1106 1578 1153 1643 ita
1173 1578 1287 1660 dicam,
1306 1599 1421 1642 earum
1443 1575 1565 1640 mentis
1588 1653 1601 1674 ⁸

247 1685 426 1767 notionum,
446 1705 526 1769 quae
546 1686 630 1769 apud
652 1690 774 1750 veteres
798 1686 831 1750 iu
850 1686 1018 1750 numinum
1039 1685 1221 1750 divinorum
1240 1705 1374 1750 numero
1394 1684 1566 1748 habeban-

248 1793 311 1876 tur,
335 1812 390 1854 eae
414 1795 636 1857 manaverunt.
680 1791 824 1857 Alterius
848 1792 984 1856 rationis
1008 1792 1087 1856 haee
1110 1792 1177 1857 fare
1202 1797 1373 1858 occurrunt
1398 1791 1566 1875 exempla:

248 1896 355 1962 Prom.
374 1920 402 1963 v.
425 1898 500 1978 115:
523 1901 573 1974 τίς
591 1893 672 1981 tiqui,
695 1901 745 1975 τίς
764 1893 851 1981 ὀδμὰ
870 1898 1037 1984 προσέπτα
1056 1891 1089 1982 μ’
1111 1893 1288 1982 άφεγγής;,
1312 1899 1431 1982 quibus
1453 1897 1565 1963 verbis

250 2027 284 2068 se
308 2005 377 2087 ipsa
396 2005 577 2089 interrogat
594 2003 816 2086 Prometheus,
840 2003 935 2067 simul
955 2007 1049 2086 atque
1069 2004 1238 2087 strepitum
1258 2005 1418 2088 quendam
1438 2005 1568 2069 audivit

250 2111 383 2194 ignarus
412 2110 608 2176 Oeeanidum
633 2110 974 2195 appropinquantium.
1021 2109 1091 2185 Qua
1119 2110 1158 2174 de
1183 2133 1281 2176 causa
1310 2110 1446 2176 odoram
1470 2111 1566 2174 illum

251 2217 436 2302 obscurum,
459 2219 514 2304 qui
538 2219 620 2283 unde
644 2222 735 2282 ortus
760 2217 816 2299 sit,
840 2217 1020 2281 discernere
1043 2237 1108 2281 non
1131 2217 1245 2300 possit,
1269 2217 1328 2280 alis
1353 2217 1566 2282 advolantem

250 2324 354 2409 fingit.
377 2361 414 2370 ·-
437 2324 521 2389 Pers.
541 2348 569 2390 v.
584 2326 662 2391 669:
687 2326 816 2407 Στυγία
835 2322 898 2407 γάρ
922 2347 971 2399 τις
991 2317 1040 2387 ἐπ’
1067 2315 1169 2407 άχλὺς
1187 2319 1372 2390 πεπόταται.
1390 2361 1431 2370 -
1455 2324 1566 2390 Prom.

250 2455 279 2497 v.
294 2431 372 2497 555:
394 2427 432 2498 τὸ
447 2433 645 2515 διαμφίδιον
665 2430 704 2496 δέ
716 2455 772 2516 μοι
787 2429 884 2515 μέλος
898 2430 1075 2516 προσέπτα.
1098 2467 1135 2476 -
1158 2429 1244 2513 Sept.
1264 2453 1291 2494 v.
1308 2430 1363 2494 84:
1384 2425 1442 2496 διά
1457 2429 1566 2496 πέδον

250 2535 314 2621 βοά
337 2541 485 2604 ποτᾶται.
500 2575 543 2586 -
559 2539 669 2622 Suppl.
684 2563 712 2602 v.
729 2539 807 2622 6563
830 2538 936 2603 Prom.
951 2561 979 2604 v.
995 2537 1068 2602 644.
1085 2537 1251 2602 -Etiam
1272 2536 1404 2601 alterius
1425 2538 1567 2602 rationis

252 2646 481 2710 translationes
508 2646 561 2710 hic
589 2645 757 2729 ponendae
785 2645 947 2724 videntur,
981 2643 1056 2728 quia
1087 2643 1344 2708 antecedentium
1373 2646 1567 2709 simillimae

252 2757 341 2836 sunt,
368 2755 428 2817 etsi
452 2753 491 2816 iis
519 2756 676 2816 nontam
701 2773 775 2816 aves
802 2752 897 2815 nobis
921 2753 1145 2836 proponuntur
1173 2771 1269 2833 quam
1293 2751 1443 2815 notiones
1472 2751 1565 2816 velut

251 2861 386 2925 numina
410 2859 470 2923 alis
494 2858 656 2943 praeditae
681 2859 886 2943 effinguntur.
931 2855 1021 2922 Sient
1044 2856 1129 2920 euim
1144 2851 1381 2942 Ἕρις,.”Ερως,
1405 2857 1566 2942 Νέμεσις,

253 2970 342 3051 Νίκη
370 2967 504 3030 numina
533 2969 619 3031 alata
647 2970 722 3030 sunt
749 2965 883 3048 eredita,
916 2966 961 3028 ita
991 2964 1138 3027 similiter
1166 2964 1390 3029 deseribuntur
1418 2960 1565 3052 ὄνειρος,

252 3077 361 3157 δεῖμα,
380 3070 493 3154 πόνος,
517 3070 625 3156 φάτις,
651 3074 714 3138 alia
733 3074 909 3137 abstracta:
933 3071 994 3156 Ag.
1014 3095 1041 3134 v.
1058 3072 1127 3138 424
1140 3093 1223 3154 sqq:
1247 3067 1487 3156 παραλλάξασα
1508 3066 1565 3136 διά

253 3183 372 3267 χερῶν,
397 3180 544 3263 Βέβακεν
569 3175 646 3259 ὄψις
669 3175 710 3244 οὐ
734 3176 942 3265 μεθύστερον
961 3184 1103 3264 Πτεροῑς
1127 3172 1289 3243 ὀπαδοῦσ’
1316 3172 1434 3243 ὕπνου·
1449 3173 1564 3245 κελεύ-

252 3286 716 3374 a023.20f.Eurip.Hee.v.71:
736 3281 1073 3370 μελανοπτερύγων...
1085 3279 1235 3369 ὀνείρων.
1248 3321 1287 3330 -
1300 3285 1361 3370 Ag.
1371 3285 1564 3369 v.975sqq.:
1604 3305 1606 3312 ·

252 3399 342 3459 τίπτε
360 3416 417 3477 μοι
439 3386 511 3458 τόδ’
538 3391 685 3476 ἐμπέδως
706 3399 815 3476 Δεῖμα
838 3388 1081 3477 προστατήριον
1104 3394 1255 3476 Καρδίας
1277 3387 1486 3476 τερασκόπου
1505 3413 1564 3456 πο-

252 3504 357 3566 τᾶται.
372 3537 413 3547 -
430 3499 540 3583 Suppl.
558 3523 585 3564 v.
602 3501 680 3566 328:
703 3497 812 3565 πόνον
832 3495 862 3564 δ’
885 3501 970 3575 ίδοις
993 3492 1037 3563 div
1060 3492 1212 3581 οὐδαμοῦ
1230 3491 1353 3562 ταάτδν
1372 3496 1504 3584 πτερόν.
1523 3535 1560 3546 ·-

254 3611 315 3693 Ag.
337 3632 367 3674 v.
384 3607 462 3672 276:
491 3601 689 3693 dnaapogfflb
714 3603 811 3690 φάτις
835 3606 989 3690 (Keekius
1008 3601 1126 3692 ὅρνις),
1149 3607 1188 3669 af.
1209 3604 1305 3690 Soph.
1325 3604 1361 3669 0.
1380 3605 1415 3670 Τ.
1438 3629 1467 3671 v.
1486 3608 1563 3672 157:

255 3710 399 3798 άμβροτε
425 3709 533 3796 Φάμα.
560 3747 597 3758 -
623 3712 717 3777 Eum.
741 3735 770 3777 v.
789 3713 853 3778 378
870 3735 939 3797 sqq.
964 3749 1004 3758 -—
1030 3711 1172 3795 Choeph.
1196 3734 1224 3776 v.
1243 3712 1308 3776 389
1325 3732 1370 3795 sq.

862 3983 882 4060 a
909 3981 957 4044 10.

256 4107 303 4173 oe
327 4105 640 4173 conformationibus
664 4105 705 4173 ab
725 4103 914 4172 animalium
936 4102 1198 4191 proprietatibus
1221 4103 1254 4170 et
1273 4105 1562 4174 eonsuetudiuibus

847 4210 970 4278 ascitis

345 4356 495 4421 Exordiri
527 4357 633 4439 placet
665 4358 706 4421 ab
737 4356 935 4442 imaginibus
968 4354 1147 4438 nonnullis,
1180 4376 1260 4437 quas
1293 4377 1332 4418 ex
1365 4357 1562 4439 agricultura

256 4467 354 4546 poeta
377 4466 544 4526 mutuatus
572 4485 642 4526 esse
665 4463 800 4526 videtur.
843 4462 941 4525 Troia
965 4461 1050 4524 enim
1074 4461 1164 4525 velut
1191 4462 1369 4526 iumentum
1399 4469 1452 4531 est,
1470 4465 1561 4528 freno

256 4570 374 4634 iniecto
398 4569 569 4653 domitum;
597 4591 665 4633 esse
695 4572 803 4633 autem
831 4568 910 4632 illud
938 4569 1064 4632 frenum
1088 4567 1282 4652 Argivorum
1307 4570 1481 4635 exereitum
1512 4571 1562 4635 vel
1648 4618 1651 4624 .

257 4677 379 4762 potine,
407 4679 444 4740 ut
466 4680 550 4740 reete
575 4677 701 4741 monuit
725 4677 876 4760 Weilius,
906 4677 1036 4740 Atridas
1061 4678 1175 4741 oborus
1201 4676 1247 4740 ait
1270 4674 1332 4760 Ag.
1356 4699 1384 4741 v.
1411 4677 1482 4762 131,
1507 4677 1561 4742 ubi

257 4784 336 4848 haee
360 4784 457 4867 vulgo
482 4784 633 4868 leguntur
656 4783 767 4867 verba,
797 4783 857 4846 etsi
880 4783 1017 4847 fortasse
1045 4806 1110 4847 non
1135 4783 1243 4847 omnia
1272 4803 1350 4846 sana
1374 4787 1461 4848 sunt:
1490 4779 1563 4849 οἷον

258 4888 302 4974 μή
326 4913 375 4967 τις
398 4885 462 4972 άγα
486 4886 613 4955 θεόθεν
637 4886 786 4975 κνεφάσῃ
811 4885 978 4975 προτυπὲν
1002 4886 1140 4973 στόμιον
1167 4887 1249 4972 μέγα
1277 4892 1397 4974 Τροίας
1425 4908 1563 4975 στρατω-
