3610 5542
767 382 984 446 ,23-

225 547 365 610 structae
394 546 469 608 sunt
497 517 585 627 seit.
608 566 637 608 v.
660 543 739 607 699:
770 537 1025 626 μελάναιγις..
1049 591 1056 604 .
1077 534 1218 625 Ἐρινύς.
1265 536 1317 603 Sic
1346 538 1528 602 enimcum

224 652 408 729 scholiasta,
432 652 486 736 qui
509 649 693 734 ,μέλαιναν
716 651 829 732 αἰγίδα
852 649 1029 734 φορούσαιι
1058 646 1193 711 adnotat
1216 649 1249 710 et
1271 646 1372 730 Papio
1396 650 1429 710 et
1451 645 1526 709 Pas·

224 759 325 824 sowio
347 759 519 843 probante,
540 758 627 822 hunc
650 758 756 822 locum
779 757 982 840 interpretor,
1006 777 1078 819 eum
1101 752 1289 818 Dindorfius
1312 753 1418 817 minus
1438 745 1528 817 accu-

225 868 306 949 rate,
329 869 365 930 ut
389 865 468 929 mihi
491 865 619 949 quidem
643 864 783 947 videtur,
811 867 918 928 vertat
946 883 1046 946 „quae
1069 861 1197 945 nigram
1221 860 1337 943 pellem
1361 858 1526 942 caprinam

224 972 358 1057 gestat“,
382 972 473 1056 quasi
497 972 536 1036 de
559 971 680 1036 uestitu
703 969 911 1054 cogitandum
934 969 985 1033 sit
1009 1003 1046 1013 -
1072 965 1399 1049 Per-metonymiam,
1421 966 1468 1030 ita
1491 969 1528 1031 ut

223 1101 274 1143 res
299 1079 410 1143 effecta
437 1101 510 1144 cum
538 1099 636 1143 causa
664 1077 821 1140 efficiente
850 1077 1078 1156 commutetur,
1107 1073 1335 1157 explicandum
1364 1077 1414 1138 est
1442 1075 1526 1158 quod

223 1186 340 1270 legitur
368 1183 455 1269 Sept.
480 1209 507 1250 v.
531 1184 608 1250 315:
642 1184 808 1269 ῥίψοπλον
842 1178 950 1259 άταν.;
985 1184 1061 1246 sunt
1093 1180 1180 1244 enim
1207 1179 1328 1244 milites
1357 1181 1462 1265 fugati
1491 1203 1528 1246 ac

224 1297 311 1358 metu
335 1293 511 1377 perterriti,
539 1293 594 1376 qui
623 1313 713 1356 arma
742 1291 896 1356 abiciunt.
941 1288 989 1355 of.
1012 1290 1075 1374 Ag.
1098 1312 1127 1353 v.
1150 1288 1216 1352 402
1240 1309 1300 1370 sq.:
1324 1281 1528 1374 άσπίστορας

223 1396 365 1476 κλόνους
388 1403 566 1484 λογχίμους
588 1422 632 1464 τε.
647 1435 689 1444 -
708 1398 788 1462 Tela
811 1398 913 1462 amori
937 1397 987 1462 vel
1010 1395 1180 1481 cupiditati
1204 1395 1408 1459 ascribuntur
1422 1393 1529 1461 Prom.

223 1531 253 1572 v.
276 1507 354 1571 649:
378 1505 496 1592 ίμέρου
520 1506 617 1590 βέλει.
641 1543 682 1552 -
707 1505 933 1570 Translatione
961 1505 1057 1588 paulo
1086 1501 1234 1568 uberiore
1258 1502 1434 1566 exsecratio
1457 1502 1527 1568 illu-

227 1617 363 1697 stratur,
391 1636 472 1698 quae
497 1614 625 1698 sagittis
651 1613 717 1692 suis
741 1617 829 1678 certo
853 1612 919 1677 ictu
944 1632 1152 1697 quaecunque
1176 1609 1255 1672 velit
1277 1607 1373 1673 ferire
1397 1632 1434 1674 ac
1457 1633 1528 1693 per-

227 1715 334 1786 cutere
362 1721 468 1806 possit
496 1717 638 1804 Choeph.
657 1741 695 1802 ρ’.
719 1720 784 1784 692
807 1741 890 1804 sqq:
923 1709 950 1784 ά
978 1713 1203 1782 δυσπάλαιστε
1229 1716 1336 1781 τάνδε
1365 1712 1528 1800 δωμάτων

225 1823 305 1912 άρά,
329 1822 386 1904 Ὡς
409 1821 505 1892 πόλλ’
531 1827 664 1913 ἐπωπᾷς
686 1821 866 1890 κάκποδοδν
890 1815 928 1891 εὖ
952 1827 1102 1909 κείμενα,
1135 1819 1250 1901 Τόξοις
1274 1820 1453 1908 πρόσωθεν
1477 1817 1529 1887 εύ-

225 1931 360 2012 οκόποις
389 1932 602 2020 χειρουμένη,
632 1936 746 1999 Φίλιον
773 1929 952 2026 dcccdccc
978 1956 1019 2017 με
1045 1928 1108 2016 τὴν
1136 1933 1338 1995 παναθλίαν.
1361 1967 1405 1976 -
1428 1929 1529 1995 Parca

225 2041 359 2126 denique
383 2042 456 2124 ipsa
479 2040 624 2125 gladium
647 2040 710 2106 sibi
733 2044 837 2124 parat,
861 2063 923 2125 quo
941 2039 1197 2125 Agamemnonis
1220 2041 1333 2102 nece'm
1355 2059 1528 2123 persequa-

225 2153 279 2214 tur
302 2147 443 2231 Ohoeph.
467 2170 495 2212 v.
520 2149 598 2213 647:
622 2145 841 2233 προχαλκεύει
865 2141 896 2212 δ’
922 2142 1011 2212 Αἶσα
1035 2141 1303 2231 φασγανουργός.

312 2254 465 2338 Adiungo
489 2253 696 2336 metaphoras
721 2277 740 2318 a
762 2255 971 2340 navigatione
995 2255 1118 2319 ductas.
1157 2250 1417 2317 Gubernaculum
1437 2251 1530 2336 quasi

224 2363 308 2447 regit
335 2361 481 2426 Fortuna
508 2362 568 2447 Ag.
592 2384 621 2425 v.
645 2363 724 2426 664:
761 2357 850 2446 Τύχη
880 2358 917 2426 δὲ
950 2357 1060 2446 σωτὴρ
1088 2353 1360 2444 ναυστολούσ’“)
1389 2357 1529 2443 ἐφέζετο.

223 2468 356 2534 Etenim
388 2490 461 2533 cum
493 2491 566 2534 mea
597 2469 726 2554 quidem
760 2470 921 2533 sententia
950 2469 988 2532 de
1021 2463 1110 2551 Τύχη
1144 2467 1204 2532 dea
1236 2465 1445 2551 cogitandum
1478 2465 1530 2550 sit,

226 2575 374 2660 equidem
411 2599 483 2641 cum
516 2575 705 2641 Hermanno
740 2598 801 2640 van
838 2574 984 2640 Heusdio
1016 2574 1138 2639 Keckic
1175 2573 1306 2656 Engero
1339 2572 1411 2636 aliis
1445 2571 1529 2637 facio

224 2683 412 2748 maiusculis
437 2684 662 2767 scribentibus,
686 2705 758 2748 cum
780 2682 969 2747 Dindorfius
994 2685 1126 2765 excepta
1149 2682 1210 2746 lex.
1230 2679 1345 2744 Aesch.
1369 2679 1530 2764 scriptura

224 2791 413 2872 minusculis
437 2786 519 2874 τύχη
543 2790 758 2855 exhibeat-
785 2789 1047 2854 (tubernaculum
1070 2792 1237 2872 praeterea
1260 2786 1449 2852 necessitati
1474 2787 1530 2852 dat

224 2901 322 2981 poeta
344 2896 451 2962 Prom.
475 2921 504 2962 v.
528 2898 607 2962 515:
630 2901 680 2973 τίς
703 2887 765 2962 οὖν
789 2891 936 2979 ἀνάγκης
960 2892 1049 2960 ἐστίν
1073 2890 1332 2980 οίακοστρόφος;

313 3004 343 3067 A
366 3005 462 3068 rebus
486 2997 624 3088 publicis
647 3004 893 3087 forensibusque
917 3003 957 3066 ad
981 3002 1209 3087 occupationes
1229 3001 1421 3067 domesticas
1440 3001 1528 3066 rede·

226 3112 297 3176 unti
319 3112 400 3176 mihi
415 3111 596 3196 Aeschylus
616 3109 740 3174 videtur
763 3111 803 3174 iis
826 3111 933 3175 minus
953 3131 1049 3194 quam
1069 3106 1246 3192 Sophocles
1266 3109 1401 3173 allectus
1420 3109 1529 3193 fuisse,

226 3241 246 3282 a
269 3216 384 3301 quibus
408 3218 567 3302 imagines
592 3217 803 3302 depromeret.
838 3217 961 3280 Tamen
984 3216 1046 3282 hae
1069 3220 1136 3281 tres
1161 3215 1268 3280 afferri
1290 3219 1437 3299 possunt,
1460 3217 1528 3300 qui-

224 3321 287 3390 bus
309 3325 409 3390 menti
438 3329 471 3390 et
497 3325 639 3389 iustitiae
667 3325 760 3408 quasi
789 3324 920 3388 tabulae
943 3324 1185 3408 impertiuntur,
1213 3323 1247 3387 in
1272 3345 1351 3408 quas
1375 3323 1528 3407 quidquid

225 3434 358 3517 cupiunt
377 3431 534 3496 referant:
563 3431 656 3495 Eum.
680 3453 709 3496 v.
733 3431 812 3495 275:
840 3426 1057 3518 δελτογράφῳ
1085 3425 1123 3495 δὲ
1150 3423 1248 3494 πάντ’
1279 3428 1392 3515 ἐπωπᾷ
1421 3433 1528 3514 φρενί.

228 3577 265 3586 —-
291 3539 398 3604 Prom.
421 3561 449 3602 v.
474 3537 537 3602 788
562 3559 622 3620 sq.:
655 3535 709 3606 ool
737 3535 886 3621 πρῶτον,
915 3533 990 3620 Ἰοῖ,
1017 3532 1210 3601 πολύδονον
1238 3531 1371 3618 πλάνην
1398 3531 1529 3620 φράσω,

217 3642 282 3712 Ἢν
315 3643 465 3732 ε’γράφου
502 3639 544 3708 σὺ
574 3643 742 3727 μνήμοσιν
779 3642 907 3719 δέλτοις
939 3644 1083 3729 φρενῶν.
1119 3679 1157 3688 -
1193 3641 1304 3726 Suppl.
1327 3665 1356 3707 v.
1382 3643 1445 3707 708
1469 3664 1529 3728 sq.:

225 3758 338 3841 τρίτον
360 3747 432 3818 τόδ’
459 3751 496 3816 έν
519 3753 673 3835 θεσμίοις
695 3752 803 3827 Δίκας
824 3748 1005 3836 γέγραπται
1028 3746 1316 3835 μεγιστοτίμου47).

315 3861 430 3925 Restat
461 3859 526 3922 iam
557 3880 622 3921 una
654 3859 750 3922 huius
784 3859 911 3942 generis
944 3858 1117 3922 translatio
1149 3857 1187 3921 de
1216 3857 1286 3920 alea
1315 3859 1445 3938 sumpte
1468 3854 1530 3940 Ag.

88 3983 91 3992 '
224 3993 253 4034 v.
277 3969 333 4034 33:
361 3963 433 4051 τρὶς
460 3965 493 4043 ’ἐξ
520 3961 689 4048 βαλούσης
716 3963 820 4049 τῆσδέ
845 3989 902 4049 μοι
929 3967 1149 4051 φρυκτωρίας.
1196 3961 1277 4027 Sunt
1300 3965 1407 4026 autem
1431 3963 1530 4026 verba

225 4075 367 4141 custodie
389 4073 424 4137 in
447 4072 702 4157 Agamemnonis
730 4075 818 4138 tecto
842 4072 972 4156 vigilias
1002 4071 1143 4156 agentis,
1171 4071 1225 4154 qui
1254 4091 1380 4134 summo
1412 4069 1529 4154 gaudio
1638 4111 1641 4120 ·

226 4185 359 4246 affectus
383 4184 446 4263 est,
468 4181 640 4264 propterea
663 4179 747 4262 quod
770 4178 851 4243 facis
875 4179 1036 4262 accensio,
1065 4200 1129 4261 qua
1152 4176 1284 4242 Troiam
1308 4179 1436 4259 captam
1460 4197 1529 4239 esse

225 4289 342 4354 certior
369 4289 475 4351 factus
504 4286 560 4369 sit,
592 4287 748 4369 tanquam
776 4285 936 4351 Venerem
970 4284 1032 4348 sibi
1062 4283 1180 4348 iecerit.
1226 4282 1297 4360 Qua
1325 4283 1359 4345 in
1387 4282 1530 4366 imagine

226 4419 291 4462 non
319 4393 476 4478 offendes,
509 4393 536 4456 si
563 4396 668 4456 tecum
701 4393 902 4476 reputaveris
928 4392 1008 4456 haec
1036 4390 1178 4454 custodis
1206 4389 1304 4454 verba
1331 4388 1529 4454 cotidianum

226 4525 339 4588 sapere
363 4522 552 4566 sermonem.
598 4497 643 4563 Et
666 4499 751 4581 apud
775 4503 897 4564 veteres
925 4502 992 4563 tam
1020 4497 1158 4562 usitatus
1183 4501 1253 4561 erat
1275 4495 1369 4560 ludus
1393 4495 1529 4560 talarius

226 4610 304 4694 (vid.
327 4610 442 4692 fragm.
470 4603 561 4693 132),
590 4611 627 4670 ut
654 4606 754 4670 etiam
781 4606 825 4671 dii
849 4606 980 4670 tesseris
1003 4605 1149 4669 ludentes
1172 4604 1350 4687 fingantur,
1381 4602 1420 4665 ad
1445 4604 1528 4686 quod

226 4721 352 4802 spectat
380 4718 413 4780 et
441 4713 645 4798 proverbium
669 4713 762 4794 illud,
793 4714 879 4798 quod
907 4712 1083 4777 scholiasta
1111 4711 1150 4775 ad
1178 4711 1210 4775 h.
1233 4711 1255 4775 l.
1278 4709 1426 4775 adnotat:
1456 4704 1530 4792 „dal

226 4819 289 4910 γάρ
310 4813 347 4888 εὖ
365 4826 544 4887 πίπτουσιν
564 4820 599 4884 ol
616 4815 701 4897 Διὸς
719 4817 860 4904 κύβοι.“,
884 4824 917 4884 et
937 4818 1023 4904 Sept.
1037 4842 1068 4884 v.
1081 4819 1159 4883 414:
1179 4819 1279 4904 ἔργον
1303 4811 1334 4881 δ’
1357 4816 1394 4882 ἐν
1411 4813 1530 4899 κύβοις

217 4925 319 5016 ’Ἁρης
341 4939 456 5014 κρινεί.
