3610 5542
831 291 1045 356 ..38-

285 450 482 528 Quibuscum
506 451 584 516 locis
608 450 753 516 conferre
776 451 867 516 iuvat
888 449 976 516 Pers.
999 473 1028 515 v.
1049 450 1127 515 703:
1159 443 1232 515 ἀλλ’
1258 445 1332 514 ε’πεὶ
1359 444 1442 522 δέος
1465 441 1618 510 παλαιὸν

286 553 341 622 σοὶ
373 559 510 641 φρενάν
542 551 749 623 άνθίσταται.
778 595 820 604 -
848 557 964 642 Agam.
996 580 1025 622 v.
1051 557 1105 621 14:
1142 553 1250 641 φόβος
1275 550 1345 640 γὰρ
1380 546 1469 618 ἄνθ’
1502 545 1619 616 ὕπνου

287 675 496 749 παραστατεῖ.
516 702 555 711 -
577 663 658 728 lbid.
681 687 710 732 v.
724 665 789 730 976
805 687 864 758 sq:
889 665 986 747 δεῖμα
1005 659 1250 749 προστατήριον
1263 663 1424 748 καρδίας.
1441 697 1487 706 -
1505 656 1619 742 Suppl.

287 794 315 835 v.
334 771 415 835 342:
443 765 516 834 ἀλλ’
541 765 562 854 ἡ
587 771 663 854 δίκη
686 795 723 856 γε
748 767 927 855 ξυμμάχων
950 779 1159 852 παραστατεῖ.

376 876 496 942 Sedens
519 877 654 962 fingitur
676 878 821 944 Fortuna
845 877 906 962 Ag.
924 901 953 943 v.
972 877 1050 942 664:
1096 873 1254 960 Τύχη...
1273 869 1514 941 υαυστολούσ’
1543 871 1619 956 ἐφέ-

288 987 357 1062 ζετο
381 982 434 1069 (of.
453 1008 484 1068 p.
503 985 571 1070 23),
593 985 751 1050 fortitudo
774 985 835 1069 Ag.
854 1006 883 1049 v.
898 985 963 1049 982
979 1006 1038 1068 sq.:
1070 979 1201 1068 θάρσος
1224 978 1365 1060 εὐανθὲς
1392 981 1458 1059 ἵζει
1483 973 1620 1064 Φρενὸς

287 1093 390 1173 φίλον
414 1086 544 1174 θρόνον
567 1088 621 1176 (cf.
646 1113 676 1174 p.
695 1089 762 1174 21),
791 1090 991 1155 calamitates
1014 1087 1119 1154 Prom.
1149 1111 1177 1153 v.
1198 1091 1263 1155 275
1279 1112 1340 1175 sq:
1357 1139 1391 1153 ..
1421 1081 1536 1152 ταύτά
1565 1107 1618 1149 τοι

288 1195 487 1281 πλανωμένη
511 1191 605 1282 Πρὸς
627 1190 740 1262 ἄλλοτ’
767 1191 871 1261 άλλον
894 1191 1027 1280 πημονὴ
1052 1190 1242 1278 προσιζάνει
1266 1193 1319 1278 (of.
1344 1193 1444 1278 Sept.
1469 1215 1500 1258 v.
1527 1190 1619 1278 696),

288 1303 395 1368 morbi
422 1301 532 1387 Suppl.
561 1326 589 1368 v.
614 1305 679 1370 684
699 1325 758 1388 sq:
790 1299 925 1368 νούσων
955 1299 987 1367 δ’
1018 1297 1117 1386 ἑσμὸς
1144 1295 1200 1366 ἀπ’
1232 1297 1344 1368 άστάν
1366 1296 1456 1380 “lton
1492 1292 1619 1384 κρατὸς

288 1403 431 1494 ἀτερπής
453 1408 507 1496 (of.
530 1434 560 1494 p.
579 1409 650 1498 55),
674 1411 796 1475 invidia
819 1410 881 1496 Ag.
903 1434 931 1474 v.
952 1411 1028 1475 834:
1062 1405 1114 1486 ίὸς
1141 1410 1283 1491 καρδίαν
1311 1407 1460 1495 (καρδίᾳ
1491 1404 1617 1472 (lasau-

288 1515 408 1603 bonus)
431 1514 642 1601 προσήμενος
667 1516 721 1604 (ef.
744 1541 775 1601 p.
795 1516 861 1602 50).
904 1516 1049 1600 Denique
1078 1516 1273 1600 subiungere
1302 1515 1434 1599 placuit
1465 1512 1618 1596 Choeph.

289 1645 318 1688 v.
337 1623 402 1688 963
413 1646 468 1708 sq,
492 1624 547 1687 ubi
566 1624 682 1689 chorus
701 1625 958 1709 Agamemnonis
978 1624 1118 1706 domum,
1142 1644 1223 1707 quae
1244 1622 1499 1687 calamitatibus
1523 1620 1618 1684 humi

292 1731 384 1813 quasi
407 1733 571 1813 prostrata
589 1731 681 1813 iacet,
705 1731 901 1814 cohortatur,
924 1733 961 1794 ut
982 1730 1115 1793 tandem
1135 1733 1300 1814 exsurgat:
1328 1723 1439 1810 άναγε
1465 1722 1539 1812 μάν
1560 1721 1618 1790 δύ-

290 1852 360 1919 μοι·
388 1830 496 1900 πολύυ
524 1831 610 1919 άγαν
633 1833 759 1920 χρόνον
783 1841 1001 1920 Χαμαιπετείς
1027 1831 1151 1899 ἔκεισθ’
1178 1829 1238 1900 άεί.
1282 1835 1516 1900 Pulcherrima
1542 1855 1616 1898 eon-

291 1943 444 2007 formatio
468 1944 532 2006 iam
556 1965 594 2009 ex
617 1943 689 2026 ipsa
712 1944 824 2009 domus
849 1943 1042 2008 allocutione
1066 1943 1182 2026 elucet,
1206 1965 1282 2007 nam
1305 1965 1469 2027 persaepe
1494 1943 1614 2025 poetae

155 2113 157 2120 ,
290 2049 352 2114 hoo
380 2049 504 2113 dicendi
533 2070 650 2134 genere
678 2055 826 2135 utuntur,
859 2055 896 2115 ut
922 2050 1071 2114 homines
1105 2071 1231 2113 summa
1263 2050 1363 2114 animi
1396 2048 1614 2134 permotione

157 2161 173 2188 ⁸
291 2155 469 2238 depingant
492 2155 538 2219 ita
562 2156 723 2238 incitatos,
746 2159 783 2220 ut
804 2178 856 2220 res
879 2155 1042 2220 inanimes
1066 2154 1159 2239 quasi
1182 2156 1272 2220 vivas
1297 2156 1518 2240 alloquantur
1540 2177 1615 2238 par-

291 2262 467 2346 ticipesque
491 2261 613 2326 faciant
637 2285 768 2328 suarum
792 2263 892 2328 animi
915 2263 1130 2329 affectionum.

1669 1807 1683 1844 δ

381 2367 451 2432 Iam
469 2391 544 2433 vero
564 2391 618 2433 eas
637 2370 868 2435 translationes
888 2371 1096 2453 excutiamus,
1116 2371 1232 2455 quibus
1251 2373 1401 2434 concreta
1422 2371 1612 2435 abstracta-

292 2497 353 2560 que
377 2477 507 2540 oonscia
530 2478 637 2540 mente
656 2480 812 2561 tanquam
831 2480 1001 2541 moventur
1024 2477 1074 2540 vel
1099 2476 1220 2560 aliquid
1244 2497 1340 2559 agere
1360 2477 1527 2541 videntur.
1551 2465 1613 2539 ¹Ut

293 2604 313 2644 a
331 2581 437 2646 verbis
457 2583 552 2646 eundi
572 2583 623 2646 vel
643 2583 789 2650 veniendi
808 2583 1057 2665 proficiscamur,
1081 2583 1244 2666 Antigone
1264 2587 1297 2646 et
1314 2582 1444 2646 Ismene
1466 2583 1611 2648 fratrum

294 2692 432 2752 mortem
456 2690 647 2773 gravissime
671 2693 860 2772 maerentes,
888 2690 1017 2772 prodire
1040 2688 1154 2752 iubent
1177 2688 1427 2752 lamentationes
1455 2695 1491 2754 et
1516 2689 1614 2753 lacri-

294 2793 363 2859 mas
389 2793 476 2878 Sept.
499 2817 527 2860 v.
546 2797 626 2860 964:
664 2801 722 2860 ίτω
745 2792 841 2880 γόος,
870 2801 928 2861 ίτω
953 2791 1068 2880 δάκρυ.
1096 2832 1132 2842 -
1158 2794 1220 2860 Per
1243 2797 1483 2879 metonymiam
1510 2795 1612 2880 expli-

294 2903 390 2966 candi
416 2901 566 2966 videntur
594 2903 679 2968 Pers.
713 2926 741 2967 v.
765 2904 829 2969 268
850 2926 932 2988 sqq:
973 2897 1080 2985 μάταν
1112 2896 1159 2966 Τά
1188 2897 1295 2967 πολλά
1325 2901 1423 2986 βέλεα
1450 2902 1611 2988 παμμιγῆ

294 3009 361 3085 Γάς
385 3002 441 3073 ἀπ’
466 3003 595 3085 Ἀσίδος
618 2997 698 3093 ἦλθ’
725 3004 775 3074 ἐπ’
802 3004 880 3074 αἶαν
905 3006 1004 3096 Λάαν
1028 3005 1152 3095 (Herm.
1176 3010 1273 3074 Weil.
1296 3008 1412 3074 Oberd.
1436 3033 1515 3075 eum
1540 3008 1610 3074 cod.

295 3120 342 3180 M.
367 3113 457 3201 δίαν)
482 3109 625 3184 Ἑλλάδα
649 3113 770 3201 χώραν.
810 3115 941 3180 Etenim
964 3116 1094 3198 Persae,
1120 3117 1175 3199 qui
1198 3120 1312 3180 eontra
1336 3115 1508 3180 Graeciam
1533 3137 1608 3198 pro-

295 3223 371 3286 fecti
400 3226 488 3304 aunt,
516 3222 747 3306 intellegantur
774 3245 903 3286 neeesse
932 3229 989 3287 est.
1017 3260 1061 3268 -
1088 3222 1196 3287 Verbo
1224 3226 1352 3286 tantum
1382 3225 1606 3307 perstringam

295 3327 356 3413 Ag.
375 3351 403 3392 v.
424 3328 498 3412 253,
522 3328 578 3392 ubi
596 3324 633 3393 τὸ
654 3327 788 3412 μέλλον,
812 3326 955 3411 Choeph.
973 3351 1002 3393 v.
1021 3329 1087 3394 464
1102 3351 1162 3412 sq,
1185 3330 1240 3393 ubi
1258 3326 1296 3393 τὸ
1317 3325 1496 3414 μόρσιμον,
1518 3328 1606 3412 Sept.

294 3458 321 3499 v.
343 3436 420 3518 768,
448 3435 503 3498 nbi
530 3430 569 3498 τά
599 3430 697 3517 ὀλοά,
731 3433 841 3519 Suppl.
868 3457 897 3498 v.
916 3436 996 3517 469,
1029 3435 1084 3499 ubi
1111 3437 1223 3500 κακῶν
1251 3437 1382 3518 πλῆθος
1411 3436 1605 3521 aggrediens

295 3543 436 3626 fingitur,
461 3542 576 3625 quibus
597 3563 613 3604 e
632 3541 711 3606 locis
735 3563 775 3604 ne
798 3562 898 3605 unum
917 3527 1045 3629 quidem
1069 3542 1229 3627 integram
1249 3542 1517 3608 conformationis
1537 3541 1605 3606 vim

294 3648 466 3712 retinuisse
490 3648 624 3712 videtur.
688 3659 689 3662 ’
1111 3649 1114 3654 ’
1279 3651 1281 3658 “

386 3754 492 3839 Magis
512 3776 587 3818 vero
607 3754 693 3818 haud
713 3755 808 3819 dubie
827 3755 979 3840 imaginis
998 3755 1090 3839 vigor
1105 3757 1250 3819 servatus
1266 3759 1316 3820 est
1330 3755 1417 3821 Pera.
1432 3779 1459 3820 v.
1470 3755 1537 3820 504
1549 3776 1605 3836 sq,

296 3863 352 3927 ubi
380 3863 429 3926 sol
452 3863 575 3925 caelum
599 3862 757 3944 pervadit:
795 3859 928 3945 φλέγων
953 3857 1016 3945 γάρ
1041 3855 1160 3943 αὐγαῖς
1183 3857 1331 3946 λαμπρὸς
1358 3857 1457 3944 ἡλίου
1482 3858 1605 3934 κύκλος

297 3968 415 4034 Μέσον
447 3964 555 4052 πόρον
589 3965 737 4053 eiusab).
780 3965 828 4032 Cf.
856 3965 965 4051 Suppl.
993 3991 1021 4031 v.
1042 3968 1119 4032 769:
1160 3967 1192 4044 ἐς
1219 3965 1315 4033 νύκτ’
1347 3964 1604 4052 ἀποστείχοντος

296 4071 403 4159 ἡλίου.
424 4111 464 4120 -—
486 4074 629 4139 Similem
652 4076 687 4138 in
705 4075 836 4139 modum
860 4075 982 4138 fulmen
1001 4074 1190 4139 describitur
1209 4075 1316 4139 Prom.
1339 4097 1367 4140 v.
1387 4075 1465 4140 359:
1493 4097 1602 4138 καται-

296 4177 398 4267 βάτης
421 4177 639 4266 κεραυνόςῗῧ).
667 4218 703 4227 -
729 4181 839 4265 Ρεοεε,
862 4204 998 4266 quarum
1021 4181 1125 4246 lucem
1150 4180 1408 4264 Clytaemnestra
1432 4180 1602 4264 appropin-

297 4293 450 4372 quantem
474 4287 567 4371 vidit,
596 4288 636 4351 ad
660 4310 694 4352 se
722 4289 900 4372 migrantes
923 4288 1018 4372 fingit
1041 4287 1103 4373 Ag.
1127 4312 1156 4353 v.
1176 4290 1254 4354 287:
1286 4288 1451 4372 πορευτοῦ
1475 4282 1602 4368 λαμπά-

297 4397 364 4470 δος.
394 4431 434 4440 -
463 4392 608 4486 Denique
639 4410 677 4458 ex
705 4396 801 4459 rebus
829 4399 963 4459 naturae
992 4395 1080 4459 venti
1109 4397 1148 4460 ad
1176 4402 1297 4460 terram
1326 4397 1418 4479 quasi
1447 4393 1604 4459 accedunt

297 4503 391 4569 Eum.
409 4522 437 4565 v.
457 4501 522 4565 905
538 4523 597 4585 sq:
623 4495 777 4585 κάνέμων
796 4497 926 4585 άήματα
944 4496 1098 4585 Εύιγλίως
1116 4499 1249 4567 πνέοντ’
1272 4502 1465 4586 ἐπιστείχειν
1484 4497 1602 4585 χθόνα.

298 4646 341 4654 -
366 4608 508 4673 Tabulae
533 4608 645 4672 deinde
669 4609 799 4673 navium
824 4607 994 4673 Persarum
1019 4609 1208 4692 fractarum,
1233 4631 1313 4693 quae
1337 4609 1399 4672 huc
1421 4609 1498 4672 illue
1521 4607 1602 4672 fere-

298 4717 431 4800 bantur,
467 4715 660 4804 perpulchra
691 4716 833 4799 imagine
865 4738 922 4799 per
955 4737 1044 4779 mare
1076 4721 1233 4801 vagantes
1268 4715 1484 4800 depinguntur
1515 4714 1602 4778 Pers.

298 4823 415 4892 vffll:
436 4827 613 4904 πλαγκτοίς
633 4821 669 4885 έν
689 4817 912 4886 διπλάκεσσιν.
941 4819 1088 4905 Namque
1108 4822 1254 4906 equidem
1273 4843 1344 4885 cum
1363 4821 1403 4884 iis
1423 4822 1506 4886 facio
1526 4821 1601 4885 viris
