3610 5542
768 365 985 427 ΠΗ*

221 515 296 586 ούτε
324 518 447 604 πέμφιξ
476 516 574 605 ἡλίου
605 521 843 608 προσδέρκεται
872 520 926 610 (cf.
949 521 1010 607 Ag.
1033 545 1062 588 v.
1088 519 1175 609 676).
1207 560 1245 570 -
1278 521 1400 597 Quibus
1429 525 1528 586 meta·

220 628 331 712 phoris
356 650 428 693 cum
448 629 548 693 solem
573 630 760 714 depingeret
778 633 888 714 poeta,
910 630 1134 714 pervulgatam
1159 630 1319 714 spectavit
1343 628 1529 712 opinionem

220 739 375 818 veterum,
406 736 459 819 qui
489 733 597 799 Solem
627 736 721 800 deum
749 740 901 820 putarent
932 737 1040 801 omnia
1069 737 1163 821 scire,
1196 759 1268 801 cum
1298 757 1394 801 curru
1423 738 1529 799 totum

220 844 344 908 eaelum
368 842 546 926 pervehens
571 843 680 907 omnia
703 844 835 908 videret.
880 843 950 906 Iam
974 842 1135 908 Homerus
1159 843 1266 909 Solem
1291 845 1337 908 ita
1361 841 1530 925 descripsit

219 949 444 1034 ll.111,277:
479 944 606 1026 Ἠέλιος
633 943 670 1014 o'
702 943 738 1026 ὃς
767 945 863 1014 πάντ’
891 949 1016 1035 ἐφορᾷς
1043 947 1098 1016 καὶ
1126 946 1222 1015 πάντ’
1249 946 1422 1025 ἐπακούεις
1445 1000 1451 1013 .
1476 999 1483 1013 .
1507 999 1529 1030 .,

221 1080 315 1145 quem
340 1056 459 1120 imitati
487 1059 564 1120 sunt
592 1078 664 1120 cum
692 1058 747 1120 alii
770 1061 885 1141 poetae
908 1061 978 1121 tum
1002 1057 1196 1140 Aeschylon,
1225 1058 1279 1140 qui
1307 1057 1342 1120 in
1369 1057 1435 1120 sole
1459 1055 1530 1119 illu-

223 1164 356 1228 strando
386 1185 512 1248 semper
539 1162 647 1227 Solem
681 1163 775 1228 deum
803 1163 957 1247 respexit:
986 1162 1100 1248 fragm.
1127 1164 1204 1247 192,
1227 1163 1260 1228 b:
1294 1157 1311 1227 ὁ
1342 1158 1531 1237 παντόπτας

211 1266 327 1347 Ἥλιος
360 1269 415 1356 (cf.
439 1270 543 1336 Prom.
572 1293 600 1334 v.
624 1267 697 1355 91),
726 1269 868 1353 Choeph.
897 1293 925 1334 v.
949 1271 1028 1334 986:
1063 1263 1081 1333 ὁ
1109 1263 1205 1334 πάντ’
1232 1266 1423 1334 ἐποπτεύων
1450 1265 1529 1333 τάδε

215 1373 343 1460 Ἥλιος,
365 1399 425 1441 nec
449 1398 591 1460 unquam
615 1377 745 1441 modum
765 1377 920 1462 religione
941 1380 1099 1440 statutum
1118 1379 1343 1462 transgressus
1367 1381 1434 1460 est,
1457 1399 1530 1441 cum

225 1489 414 1550 nostrorum
429 1484 556 1567 quidem
570 1487 750 1568 temporum
769 1485 941 1567 scriptores
956 1485 989 1549 in
1005 1483 1066 1548 hoc
1083 1488 1169 1549 astro
1186 1483 1389 1568 depingendo
1404 1505 1531 1546 summa

225 1591 359 1656 audacia
383 1594 524 1656 utantur.
551 1627 588 1636 —
614 1592 778 1656 Audacior
804 1613 882 1656 sane
905 1614 943 1656 ea
967 1596 1018 1655 cst
1040 1591 1244 1674 metaphora,
1271 1613 1334 1675 qua
1357 1591 1455 1654 etiam
1480 1612 1530 1652 or-

173 1769 177 1778 ,
221 1703 292 1762 tum
317 1698 396 1764 solis
419 1702 516 1782 poeta
540 1698 641 1762 oculis
666 1699 831 1764 instruxit:
855 1693 937 1783 πρὸς
960 1692 1104 1774 ἀντολὰς
1128 1700 1309 1781 φλογῶπας
1330 1691 1531 1780 ἡλιοστιβεῖς

222 1803 343 1891 (Prom.
366 1829 394 1871 v.
420 1804 507 1888 791).
532 1841 573 1850 —-
601 1805 725 1870 Eadem
753 1805 907 1870 nimirum
936 1827 999 1889 qua
1026 1805 1060 1867 in
1090 1804 1156 1868 sole
1185 1804 1378 1869 celebrando
1405 1803 1530 1866 ratione

221 1915 333 1976 noster
360 1912 393 1974 in
421 1911 498 1975 luna
525 1911 690 1996 pingenda
718 1917 845 1977 secutus
874 1915 936 1995 est,
966 1914 1079 1995 utpote
1107 1933 1204 1996 quam
1233 1912 1311 1974 item
1340 1911 1432 1976 deam
1460 1931 1531 1973 csse

222 2019 379 2104 religione
407 2018 677 2103 opinionibusque
706 2021 931 2085 confirmatam
959 2040 1054 2082 nemo
1082 2018 1215 2082 nesciat.
1262 2017 1365 2093 Quam
1395 2018 1436 2081 ob
1464 2038 1532 2080 rem

221 2149 260 2190 ca
283 2147 411 2209 quoque
434 2125 535 2188 oculis
558 2126 704 2208 praedita
728 2127 877 2212 fingitur:
901 2125 1017 2210 fragm.
1040 2124 1117 2188 169:
1148 2119 1327 2208 ἄστρωπὸν
1352 2120 1441 2209 ὄμμα
1467 2127 1531 2207 Arp-

220 2228 307 2322 κρέας
336 2228 447 2316 κόρης.
479 2267 515 2278 -
546 2231 651 2296 Prem.
681 2255 707 2296 v.
732 2232 808 2296 797:
844 2225 923 2296 οὔδ’
950 2225 970 2314 ἡ
1000 2226 1160 2314 νύκτερος
1191 2228 1279 2313 μήνη
1309 2227 1389 2294 ποτέ
1415 2227 1532 2317 (intell.

221 2338 460 2425 προσδέρκεται
486 2337 676 2422 Φορκίδας).

314 2447 358 2512 Ut
386 2447 420 2510 in
447 2447 544 2510 rebus
569 2446 762 2510 caelestibus
786 2446 836 2509 vel
859 2445 968 2528 potius
993 2444 1088 2509 aiiriis
1117 2465 1368 2527 commoremur,
1396 2447 1532 2527 apparet

223 2579 241 2620 e
269 2554 413 2638 mythica
440 2551 524 2616 Solis
553 2553 602 2616 dei
631 2552 763 2616 notione
792 2574 846 2616 eas
875 2552 1150 2616 conformationes
1180 2557 1269 2615 ortas
1298 2572 1382 2634 csse,
1416 2551 1532 2632 quibus

223 2662 320 2726 rebus
344 2660 544 2743 fulgentibus
568 2663 600 2721 et
624 2657 881 2742 splendentibus,
905 2659 994 2723 velut
1016 2659 1159 2741 fulmini,
1184 2659 1268 2723 oculi
1291 2657 1453 2746 dantur¹⁸)
1472 2711 1479 2725 .
1499 2712 1533 2725 ..

223 2762 384 2851 πυρωπόν
413 2765 447 2830 ἐκ
472 2761 557 2840 Διὸς
579 2769 694 2847 μολεῖν
724 2762 901 2850 Κεραυνόν
930 2765 1050 2848 (Prom.
1079 2789 1107 2831 v.
1133 2764 1221 2851 667).
1256 2803 1292 2812 -
1328 2764 1427 2831 Cuius
1460 2790 1532 2832 cum

224 2875 311 2939 haud
339 2873 505 2938 dissimilis
534 2873 576 2936 sit
602 2872 789 2956 translatio,
821 2896 883 2957 qua
906 2856 992 2958 ignis
1016 2874 1213 2958 depingitur,
1245 2875 1351 2939 locum
1377 2874 1441 2938 huc
1464 2897 1532 2957 spe-

226 2985 369 3046 ctantem
401 2980 595 3062 subiungere
625 2978 706 3042 mihi
733 2979 841 3044 liceat:
877 2980 983 3044 Prom.
1012 3004 1039 3044 v.
1063 2980 1141 3044 253:
1178 2974 1359 3063 φλογωπὸν
1390 2981 1466 3064 πῦρ.
1491 3017 1531 3026 --

224 3089 303 3154 Aeri
331 3089 498 3171 ventisque
526 3086 640 3150 deinde
667 3086 804 3150 facultas
833 3087 961 3152 videndi
991 3088 1086 3152 datur
1108 3087 1233 3152 duabus
1262 3087 1530 3171 praeclarissimis

226 3196 435 3280 imaginibus,
463 3215 598 3277 quarum
627 3193 728 3256 altera
755 3197 861 3258 exstat
888 3193 994 3260 Proin.
1017 3218 1046 3259 v.
1071 3195 1112 3259 88
1128 3215 1210 3277 sqq.,
1240 3195 1296 3258 ubi
1323 3194 1533 3258 Prometheus
1647 3281 1650 3288 ⁴

224 3302 322 3366 modo
345 3301 525 3384 devinctus,
549 3299 702 3385 quoniam
722 3300 762 3363 ab
783 3302 932 3365 omnibus
952 3302 1098 3366 desertus
1123 3304 1187 3384 est,
1211 3322 1336 3365 summo
1357 3301 1455 3364 animi
1475 3300 1534 3364 im-

225 3413 302 3492 petu
326 3411 423 3492 atque
446 3407 689 3492 perturbatione
714 3410 747 3470 et
770 3407 850 3472 alias
875 3431 926 3472 res
948 3409 1109 3473 inanimes
1128 3408 1283 3490 implorat
1307 3411 1339 3470 et
1362 3411 1437 3470 adra
1460 3429 1534 3470 vcn-

221 3520 355 3600 .tosque,
378 3520 414 3579 ut
437 3514 580 3598 videant,
608 3517 729 3598 quanta
752 3514 787 3577 in
811 3514 897 3578 mala
920 3515 990 3597 ipse
1013 3514 1173 3579 inciderit:
1203 3503 1229 3579 ci
1255 3516 1326 3590 δῖος
1350 3509 1456 3597 αι’δὴρ
1478 3510 1534 3577 καὶ

228 3619 425 3708 ταχύπτεροι
444 3624 557 3702 πνοαί,
580 3621 748 3703 Ποταμῶν
767 3643 801 3683 τε
819 3619 922 3703 πηγαὶ
941 3623 1088 3685 ποντίων
1107 3643 1142 3684 τε
1156 3617 1312 3704 κυμάτων
1329 3615 1534 3704 Ἀνήριθμον

227 3727 388 3813 γέλασμα,
417 3724 593 3812 παμμῆτόρ
621 3750 655 3792 τε
683 3729 741 3811 γῆ,
771 3725 838 3790 Καὶ
865 3723 925 3792 τὸν
955 3723 1128 3811 πανόπτην
1155 3724 1279 3792 κύκλον
1306 3721 1405 3811 ἡλίου
1432 3728 1535 3790 naid·

219 3831 354 3900 ’Ίδεσθέ
379 3830 413 3918 μ’
441 3827 495 3898 οἷα
522 3828 605 3920 πρὸς
628 3836 720 3899 θεῶν
749 3830 863 3918 πύσχω
894 3830 982 3910 θεός.
1030 3828 1206 3920 Δέρχθηθ’
1232 3839 1314 3915 κτλ,
1342 3833 1432 3897 cuius
1460 3855 1534 3896 con-

230 3944 345 4008 simihs
380 3946 429 4007 est
465 3943 545 4006 alter
575 3943 664 4006 locus
699 3940 818 4024 (Prom.
851 3963 879 4006 v.
907 3941 988 4005 1191
1011 3940 1107 4025 sqq.),
1140 3941 1195 4005 ubi
1227 3941 1311 4005 idem
1343 3943 1535 4023 tempestate

229 4051 369 4114 maximo
393 4071 478 4116 cum,
489 4050 616 4134 fragore
639 4049 878 4132 tonitribusque
903 4049 991 4113 eaelo
1015 4048 1152 4130 deiecta,
1175 4051 1262 4112 terra
1285 4047 1536 4129 intremiscente,

227 4157 303 4220 dum
332 4180 351 4220 a
377 4155 452 4220 Iove
481 4156 521 4219 ad
548 4176 702 4240 praeceps
731 4155 838 4238 datur,
866 4160 941 4219 abra
964 4155 1107 4232 invocat,
1135 4159 1171 4218 ut
1196 4155 1303 4238 ipsum
1332 4153 1468 4238 aspiciat
1497 4175 1535 4216 ac

229 4267 366 4348 quantas
389 4262 523 4326 iniurias
548 4262 707 4345 acceperit
729 4265 874 4326 testetur.
922 4260 1013 4327 Nihil
1037 4261 1123 4324 enim
1147 4261 1212 4326 iam
1237 4262 1337 4325 habet
1361 4259 1449 4323 aliud
1471 4259 1534 4322 nisi

228 4377 310 4436 aiira
329 4371 473 4434 omnium
502 4391 717 4452 communem,
750 4392 813 4454 quo
842 4373 926 4434 teste
956 4372 1078 4433 utatur:
1103 4419 1109 4431 .
1134 4418 1171 4431 ..
1200 4355 1226 4430 ci
1254 4362 1390 4430 πάντων
1419 4360 1534 4450 Αἰθὴρ

225 4475 346 4542 κοινόν
370 4472 457 4560 φύος
481 4475 650 4557 εἱλίσσων,
672 4470 810 4561 Ἐσορᾷς
833 4470 867 4559 μ’
894 4469 938 4552 ὡς
962 4476 1075 4538 ἔκδικα
1098 4470 1223 4557 πάσχω.

273 4639 277 4646 .
316 4583 386 4648 lam
414 4584 453 4647 de
477 4583 566 4647 caelo
591 4588 624 4646 et
646 4584 741 4647 rebus
765 4582 861 4647 ebriis
889 4582 928 4645 ad
952 4586 1073 4646 terram
1101 4582 1331 4645 descendentes
1363 4580 1448 4664 quod
1471 4580 1535 4664 pri·

227 4714 316 4756 mum
340 4691 469 4775 quidem
492 4689 640 4753 tellurem
662 4691 767 4774 ipsam
791 4691 883 4773 qnasi
906 4689 1068 4752 videntem
1091 4688 1273 4751 invenimus
1299 4685 1418 4772 (Prom.
1439 4709 1467 4749 v.
1482 4688 1535 4769 90,

228 4799 301 4863 loco
324 4799 421 4881 paulo
446 4800 520 4862 ante
541 4795 670 4882 allato),
693 4797 817 4861 nemini
840 4797 958 4860 mirum
978 4795 1147 4876 videbitur,
1169 4817 1240 4858 cum
1260 4793 1422 4858 Tellurem
1441 4793 1533 4856 deam

229 4927 362 4988 eamque
386 4905 530 4968 omnium
554 4924 660 4966 rerum
684 4904 879 4988 genetricem
905 4906 938 4966 et
959 4905 1094 4966 matrem
1118 4905 1242 4965 veteres
1261 4900 1415 4964 habuisse
1438 4921 1533 4964 nemo
