3610 5542
820 408 1041 472 -51„„

280 567 391 652 Eligat
420 568 483 632 sibi
513 568 628 651 lector,
658 568 802 650 pensatis
834 589 916 651 quae
945 589 1004 650 pro
1036 588 1094 630 suo
1126 567 1259 650 quisque
1287 567 1417 631 flumine
1447 566 1583 662 scripsit.

280 675 358 758 Ego*
378 675 412 738 in
440 677 637 758 postremam
667 675 883 739 coniecturam
911 671 1121 757 propende0.“
1166 673 1320 737 Attamen
1350 673 1429 736 mihi
1453 672 1584 756 quidem

280 781 475 845 scholiastae
509 782 647 844 Araxem
683 780 859 864 significari
900 778 1047 842 arbitrati
1085 778 1264 842 rectissime
1300 779 1345 842 sic
1377 776 1585 861 interpretari

261 888 440 955 .videntur:
463 881 628 973 ὑβριστὴν
651 882 800 970 ποταμὸν
823 882 883 950 τὸν
903 881 1044 969 Ἀρᾶξην
1067 888 1181 968 φησίν.
1225 879 1362 970 Ἀράξης
1390 881 1428 949 δὲ
1456 883 1584 968 λέγεται

280 989 368 1077 παρὰ
398 991 435 1058 τὸ
467 989 627 1078 ἀράσσειν
659 991 715 1057 καὶ
749 986 842 1076 ἠχεῖν
876 988 915 1056 τὰ
950 987 1080 1075 κύματα
1115 986 1230 1057 αὐτοῦ.
1274 993 1319 1082 τῷ
1350 986 1414 1078 γὰρ
1446 985 1586 1077 ὀνόματι

280 1098 400 1166 τούτου
427 1098 483 1164 καὶ
511 1094 531 1182 ἡ
560 1100 676 1185 πρᾶξίς
706 1099 775 1164 ἐστι
799 1095 1001 1186 συνᾴδονσα.
1048 1096 1251 1182 Quapropter
1274 1121 1427 1185 magnam
1450 1122 1527 1184 prae
1551 1121 1584 1163 se

279 1209 344 1272 fert
361 1206 600 1292 probabilitatis
620 1206 759 1291 speciem
777 1204 959 1298 Hermanni
977 1205 1173 1290 coniectura,
1194 1229 1257 1289 qua
1275 1208 1349 1288 post
1368 1207 1468 1271 verba
1486 1228 1585 1289 supra

281 1317 380 1380 allata
402 1337 529 1379 versum
554 1313 708 1378 excidisse
731 1315 837 1396 putat,
869 1313 902 1375 in
931 1335 994 1397 quo
1021 1333 1141 1376 nomen
1168 1312 1319 1377 infuisset
1342 1313 1459 1377 Araxis
1487 1314 1585 1378 fluvii.

280 1421 435 1505 „Prorsus
459 1421 571 1504 enim“‚
593 1419 800 1484 Hermannus
824 1419 938 1503 inquit,
961 1419 1049 1501 „fieri
1073 1441 1139 1483 non
1162 1402 1278 1504 potuit,
1302 1423 1422 1484 utnon
1439 1420 1585 1486 nomina·

280 1533 330 1592 ret
353 1531 449 1613 poeta
471 1528 613 1610 fluvium,
637 1549 731 1611 quem
756 1521 797 1590 οὐ
820 1521 1043 1609 ψευδώνυμον
1068 1548 1137 1590 esse
1161 1524 1298 1590 diceret“
1320 1523 1585 1613 (11‚p.120).-

281 1633 414 1718 Sceptro
437 1634 523 1698 Iovis
548 1634 699 1717 superbia
722 1633 922 1716 attribuitur,
947 1655 1027 1716 quae
1050 1634 1152 1716 ipsius
1176 1633 1227 1696 dei
1250 1633 1381 1716 propria
1404 1637 1454 1697 est
1476 1632 1585 1699 Prom.

280 1766 305 1808 v.
332 1742 410 1806 404:
434 1736 652 1826 ὑπερήφανον
675 1747 769 1816 θεοῖς
791 1750 862 1816 τοῖς
883 1735 989 1820 πάρος
1017 1738 1226 1804 ἐνδείκνυσιν
1250 1735 1381 1822 αἰχμάν.
1428 1738 1476 1804 Of.
1500 1739 1586 1824 Sept.

280 1873 308 1914 v.
331 1849 410 1913 455:
437 1842 612 1934 ὑπερκόπῳ
642 1848 732 1929 δορί,
766 1869 793 1910 v.
813 1847 891 1924 391,
920 1869 946 1910 v.
970 1847 1044 1910 404.
1073 1883 1114 1894 -
1143 1844 1266 1910 Contra
1289 1846 1432 1929 Ohoeph.
1456 1871 1484 1912 v.
1507 1849 1586 1912 630:

280 1957 474 2039 γυναικείαν
502 1949 648 2037 ἄτολμον
678 1949 809 2037 αἰχμάν.
835 1991 876 2000 -
906 1953 964 2019 Oui
993 1954 1063 2018 loco
1093 1954 1203 2018 statim
1233 1955 1446 2038 adiungamus
1475 1953 1587 2038 Suppl.

282 2086 310 2127 v.
335 2062 397 2127 771
424 2083 485 2144 sq„
515 2061 569 2124 ubi
600 2082 698 2124 naves
729 2060 964 2144 quodammodo
995 2061 1132 2144 ignavae
1162 2060 1337 2144 finguntur.
1385 2061 1473 2126 Dicit
1501 2062 1587 2125 enim

281 2168 414 2233 Danaus
439 2167 583 2252 Aegypti
611 2167 694 2231 filios
723 2189 821 2231 naves
849 2189 916 2230 non
943 2188 1014 2231 esse
1043 2167 1246 2250 appulsuros,
1275 2167 1461 2251 priusquam
1491 2171 1587 2252 portu

282 2276 408 2339 animus
440 2275 479 2339 iis
511 2275 637 2339 additus
669 2274 724 2337 sit:
756 2268 842 2336 οὕτω
872 2267 994 2356 γένοιτ’
1025 2266 1069 2338 ἂν
1100 2266 1174 2338 οὐδ’
1206 2265 1249 2337 ἂν
1280 2275 1413 2356 ἔκβασις
1443 2275 1587 2360 στρατοῦ

283 2379 390 2465 Καλή,
414 2377 494 2466 πρὶν
518 2376 610 2468 ὅρμῳ
634 2382 722 2445 ναῦν
745 2381 996 2464 θρασυνθῆναι.

371 2488 489 2553 Omnia
512 2488 631 2551 audent
657 2487 849 2551 feminarum
877 2486 1027 2549 libidines
1052 2484 1194 2569 Oboeph.
1218 2511 1246 2551 r.
1271 2487 1336 2551 596
1360 2509 1440 2571 sqq.:
1471 2511 1585 2569 γυναι-

281 2597 350 2661 κοῖν
375 2649 380 2662 .
406 2647 412 2659 .
437 2591 678 2678 ,παντόλμους
702 2595 833 2675 ἔρωτας.
857 2630 900 2638 —-
929 2592 1135 2668 Quinetiam
1160 2593 1200 2658 ad
1224 2581 1507 2677 sermones'b'dprg
1530 2594 1587 2657 illa
1682 2595 1691 2612 ⁸

280 2702 474 2766 transfertur
498 2700 582 2784 Sept.
607 2723 634 2764 v.
657 2701 736 2764 410:
759 2693 974 2783 ὑπέρφρονας
997 2696 1127 2782 λόγους.
1170 2698 1218 2764 Of.
1241 2699 1316 2764 ibid.
1339 2723 1368 2766 v.
1392 2699 1473 2783 4253
1498 2700 1584 2764 Pers.

181 2879 193 2904 θ
281 2831 309 2872 v.
335 2808 397 2872 827
423 2830 479 2891 sq„
494 2821 530 2873 ¹v.
554 2809 627 2872 831.

369 2914 439 2978 lam
463 2937 539 2979 vero
564 2917 709 2996 cunctas,
737 2935 815 2997 quas
840 2912 1020 2996 Aeschylus
1049 2912 1087 2976 de
1110 2913 1242 2977 homine
1266 2916 1378 2998 traxit,
1408 2915 1586 2980 conforma-

282 3023 387 3085 tiones
415 3022 594 3086 excussisse
622 3020 701 3084 mihi
729 3020 817 3084 visus
850 3020 951 3083 altera
983 3019 1141 3102 particula
1175 3041 1229 3084 eas
1257 3021 1488 3086 translationes
1517 3044 1587 3104 per-

281 3129 474 3192 lustraturus
500 3151 583 3210 sum,
612 3149 692 3212 quas
721 3126 761 3191 ab
791 3127 922 3191 animali
954 3126 1066 3190 ductas
1095 3127 1222 3210 ascivit,
1254 3130 1291 3191 ut
1319 3130 1463 3192 carmina
1496 3151 1585 3193 exor-

281 3238 375 3298 naret
398 3256 434 3297 ac
458 3257 509 3298 res
534 3235 693 3298 inanimes
714 3236 892 3318 mentisque
914 3235 1064 3299 notiones
1083 3233 1229 3298 redderet
1248 3235 1460 3300 dilucidiores.
1499 3235 1585 3312 Quas

281 3346 318 3438 ut
339 3364 474 3406 numero
498 3363 568 3405 esse
592 3344 694 3405 multo
718 3341 858 3404 minores
882 3341 1089 3404 manifestum
1114 3344 1177 3424 cst,
1200 3342 1246 3404 ita
1269 3343 1318 3406 rel
1342 3347 1512 3407 venustate
1536 3344 1586 3407 vel

283 3449 481 3513 sublimitate
512 3469 568 3511 eae
599 3448 761 3512 delectant
789 3449 1052 3532 praeclarumque
1083 3449 1162 3512 dant
1194 3449 1415 3514 testimoninm
1448 3450 1587 3534 insignis

281 3561 395 3638 poetae
428 3555 557 3638 ingenii.
609 3553 715 3638 Atque
748 3555 794 3616 ita
827 3554 955 3637 quidem
989 3554 1083 3618 huius
1122 3577 1247 3639 quoque
1280 3556 1407 3640 generis
1441 3558 1588 3640 exempla

280 3664 420 3725 tractare
445 3684 461 3724 e
485 3683 519 3723 re
544 3681 612 3724 esse
637 3661 716 3724 mihi
741 3661 875 3742 videtur,
900 3665 936 3724 ut
959 3683 1005 3744 ea,
1028 3683 1110 3745 quae
1131 3662 1169 3725 de
1189 3684 1321 3746 corpore
1342 3664 1491 3728 animalis
1511 3668 1588 3728 sunt

281 3769 485 3851 deprompta,
519 3768 726 3852 seiungamus
761 3769 800 3831 ab
835 3767 889 3850 iis,
929 3789 1009 3850 quae
1043 3789 1080 3831 ex
1114 3769 1302 3832 animalium
1335 3770 1586 3853 proprietatibus

280 3875 489 3939 facultatibus
514 3875 657 3938 moribus
681 3875 798 3939 hausta
822 3878 906 3938 sunt.
