3610 5542
822 363 1019 426 ,5-

357 529 639 596 Oonformationes
669 550 744 594 vero
775 530 933 612 quantum
956 525 1088 590 valeant
1115 521 1292 608 quantique
1321 519 1476 585 momenti
1505 519 1571 583 sint

267 638 307 703 ad
340 641 489 704 naturam
524 638 725 723 singulorum
757 641 925 720 poetarum
959 631 1142 715 studiaque,
1174 629 1209 692 in
1243 651 1324 714 quae
1357 627 1571 710 incubuerint,

267 741 515 830 cognoscenda,
534 748 623 830 large
653 746 845 829 copioseque
870 741 1019 826 exposuit
1042 739 1091 802 vir
1114 736 1321 801 doctissimus
1344 733 1378 800 Ο.
1403 732 1436 799 Ο.
1460 732 1571 798 Hense

226 865 230 874 '
266 852 301 917 in
324 853 431 931 libris,
461 854 516 938 qui
542 853 777 917 inscribuntur:
806 848 971 933 poetische
999 845 1264 932 personification
1291 845 1325 908 in
1349 842 1570 928 griechischen

267 960 463 1045 dichtungcn
483 961 543 1024 mit
561 957 869 1042 berdcksichtigung
887 953 1095 1020 lateinischer
1119 951 1244 1016 dichter
1268 951 1334 1016 und
1353 947 1571 1034 Shalrspere's,

266 1068 290 1132 l.
320 1066 393 1133 Hal.
418 1065 490 1132 Sax.
521 1067 621 1149 18683
652 1103 695 1110 -
726 1064 916 1129 beseelende
947 1053 1249 1146 personificationen
1282 1060 1316 1122 in
1347 1056 1571 1142 griechischen

267 1175 464 1261 dichtungen
490 1178 558 1257 etc,
583 1195 690 1259 progr.
713 1172 738 1238 I.
761 1171 912 1236 Parchim
940 1169 1038 1254 18743
1066 1167 1107 1232 II.
1134 1165 1298 1231 Schwerin
1324 1166 1418 1230 1877.
1443 1202 1486 1210 —
1510 1163 1571 1240 Qui

266 1281 392 1366 quidem
417 1281 574 1365 plurimas
598 1281 693 1345 huius
718 1280 844 1364 generis
867 1278 1025 1362 imagines
1049 1280 1143 1341 etex
1166 1273 1327 1337 veteribus
1350 1272 1510 1356 poetiset
1534 1294 1572 1336 ex

266 1390 498 1455 recentioribus
521 1389 642 1472 petitas
666 1387 849 1470 composuit
873 1389 905 1449 εὴ
928 1383 1098 1468 expedivit,
1122 1382 1177 1447 sed
1200 1383 1247 1447 ita
1270 1384 1390 1462 tamen,
1412 1379 1571 1463 imprimis

265 1502 301 1562 ut
325 1497 521 1579 ostenderet,
549 1494 633 1580 quod
662 1495 832 1558 discrimen
861 1493 945 1557 inter
972 1492 1090 1556 horum
1119 1494 1151 1554 et
1180 1490 1312 1554 illorum
1336 1487 1463 1551 dicendi
1485 1486 1571 1571 cogi-

263 1605 416 1688 tandique
440 1604 599 1668 rationem
627 1599 881 1687 intercederet6).
928 1599 1042 1684 Itaque
1071 1608 1269 1683 quanquam
1284 1593 1393 1659 Hense
1424 1593 1571 1678 exempla

263 1712 394 1796 collegit
423 1732 519 1796 quam
547 1709 701 1794 plurima,
733 1709 766 1772 in
795 1711 887 1773 tanta
915 1729 949 1771 re
978 1706 1042 1771 sibi
1069 1703 1239 1789 proposita
1266 1707 1377 1766 tamen
1404 1702 1473 1766 fieri
1495 1723 1569 1794 non

264 1819 382 1902 potuit,
412 1821 449 1880 ut
472 1815 602 1901 singula
629 1835 772 1898 quaeque
796 1817 864 1878 tam
893 1817 1041 1878 accurate
1069 1811 1228 1896 proferret
1252 1815 1285 1875 et
1308 1809 1504 1893 enuclearet,
1534 1812 1571 1872 ut

265 1925 303 1990 de
328 1923 620 1990 conformationum
649 1921 733 2005 apud
762 1921 907 2005 singulos
936 1943 998 1984 usu
1024 1942 1090 1985 non
1119 1920 1216 2003 paulo
1240 1919 1370 1984 uberius
1395 1915 1572 2000 copiosius-

266 2053 328 2115 que
352 2031 417 2095 iam
441 2030 547 2115 possit
570 2028 694 2092 disseri.
741 2025 845 2102 Quam
870 2028 911 2092 ob
935 2049 1002 2091 rem
1027 2028 1111 2111 quod
1135 2027 1283 2112 equidem
1306 2025 1340 2089 in
1365 2022 1572 2106 Aeschylum,

265 2139 318 2223 qui
352 2142 450 2222 poeta
487 2140 617 2220 propter
654 2133 814 2197 fervidum
852 2133 1020 2217 ingenium
1054 2137 1150 2217 atque
1187 2132 1391 2218 imaginandi
1428 2131 1573 2215 vigorem

263 2249 392 2330 practer
425 2248 548 2309 ceteros
586 2241 702 2325 dignus
736 2241 863 2304 videtur
901 2263 985 2322 esse,
1021 2241 1113 2306 cuius
1151 2239 1446 2306 conformationum
1478 2258 1573 2300 usum

265 2352 453 2440 diligentius
481 2349 712 2429 examinemus,
745 2347 909 2431 inquirere
938 2347 1106 2432 constitui,
1139 2370 1206 2412 non
1238 2349 1311 2411 acta
1345 2349 1475 2409 aeturus
1504 2364 1573 2408 esse

265 2459 345 2524 mihi
368 2458 489 2524 videor.

353 2565 424 2630 Iam
447 2585 523 2629 vero
552 2563 740 2646 priusquam
770 2563 810 2626 ad
839 2565 943 2647 ipsam
974 2564 1196 2648 quaestionem
1225 2561 1458 2626 instituendam
1486 2580 1574 2624 acce-

266 2676 388 2758 damus,
411 2671 497 2736 haud
523 2670 588 2734 scio
614 2692 654 2733 an
674 2693 777 2754 pauca
797 2671 831 2735 in
850 2672 1036 2736 universum
1055 2669 1293 2755 praemonenda
1312 2670 1387 2734 sint.
1418 2667 1572 2732 'Primum

266 2783 349 2846 enim
373 2783 462 2845 certa
484 2777 642 2864 quaedam
662 2777 956 2844 conformationum
975 2800 1094 2864 genera
1118 2778 1291 2843 statuenda
1309 2777 1468 2860 videntur,
1492 2796 1574 2860 quae

266 2911 303 2953 eo
327 2886 453 2951 facilius
479 2887 667 2966 statuemus,
692 2884 719 2947 si
742 2885 912 2950 nobiscum
931 2887 1197 2970 reputaverimus,
1222 2905 1362 2970 quonam
1382 2883 1478 2948 modo
1499 2904 1573 2947 con-

265 2993 476 3060 formationes
500 2991 590 3056 nasci
613 2989 748 3055 soleant.
794 2990 880 3056 Nam
909 3015 963 3056 eas
993 3015 1032 3057 ex
1059 2993 1117 3057 illa
1145 2993 1266 3077 ingenii
1290 2992 1476 3056 inventione
1499 3010 1573 3074 pro—

266 3098 414 3186 ficisci⁷),
445 3122 509 3183 qua
536 3099 634 3162 etiam
663 3119 712 3180 ea,
741 3119 823 3181 quae
847 3121 867 3162 a
890 3121 1042 3164 sensuum
1070 3099 1277 3183 perceptione
1307 3099 1356 3163 vel
1385 3097 1573 3182 longissime

266 3212 390 3274 remota
415 3207 492 3290 sint,
521 3205 626 3289 specie
656 3205 795 3289 quadam
825 3206 957 3271 definita
979 3207 1156 3272 induantur
1180 3208 1252 3291 quis
1277 3211 1573 3291 est,quen1prae·

266 3316 390 3381 teneat?
438 3312 518 3378 Cum
542 3333 619 3376 vero
642 3313 747 3395 poetis
770 3314 891 3378 nostris
915 3315 1042 3396 quidem
1070 3315 1270 3398 temporibus
1293 3336 1352 3398 pro
1377 3335 1436 3378 sua
1458 3312 1573 3396 cuique

267 3423 372 3487 indole
396 3420 486 3484 etin
510 3419 605 3482 rebus
630 3419 781 3482 inanimis
806 3421 895 3484 etin
919 3421 1108 3486 notionibus
1132 3422 1249 3485 mentis
1279 3422 1372 3505 quasi
1397 3419 1475 3484 vivis
1499 3440 1571 3502 pro·

266 3529 405 3610 ferendis
428 3527 503 3592 huic
526 3524 649 3610 ingenii
672 3525 820 3590 facultati
844 3527 952 3592 frenos
977 3527 1053 3592 dare
1076 3528 1185 3611 liceat,
1215 3534 1338 3592 veteres
1369 3530 1484 3611 poetae
1506 3530 1572 3590 tra·

268 3637 331 3722 gici
358 3635 454 3700 certis
488 3632 679 3716 quibusdam
713 3633 865 3697 cancellis
898 3634 1132 3718 circumscripti
1165 3635 1263 3700 fnisse
1291 3635 1455 3717 videntur,
1488 3655 1568 3717 quos

158 3815 161 3822 ¹
268 3741 515 3827 diligentissime
540 3741 704 3802 servarent
726 3759 855 3802 necesse
880 3745 961 3822 erat,
990 3763 1031 3804 ne
1054 3762 1165 3807 eorum
1190 3743 1245 3826 qui
1270 3745 1454 3826 spectarent
1477 3763 1571 3806 aures

267 3850 473 3916 offenderent.
521 3845 613 3921 Quod
640 3845 724 3910 unde
756 3845 877 3910 factum
907 3848 964 3931 sit,
993 3847 1147 3913 facillime
1170 3848 1357 3934 intellegas,
1389 3850 1416 3914 si
1445 3848 1571 3913 confor-

267 3959 442 4023 mationem
476 3953 561 4037 apud
596 3957 709 4036 poetas
738 3952 876 4018 Graecos
911 3955 1072 4020 artissime
1104 3957 1310 4020 coniunctam
1339 3957 1439 4021 fuisse
1468 3955 1572 4020 consi-

268 4067 358 4131 deres
383 4085 456 4128 cum
480 4061 586 4125 studio
608 4060 792 4123 fabularum
821 4061 1059 4147 fingendarum,
1089 4063 1175 4145 quod
1204 4063 1326 4146 optime
1350 4061 1575 4146 comprobavit

268 4173 377 4238 Hense
402 4171 436 4233 in
454 4168 574 4252 libello,
597 4167 652 4251 qui
671 4167 870 4230 inscribitur:
894 4168 992 4231 uebcr
1011 4169 1311 4253 personificierende
1331 4169 1489 4234 adiectiva
1509 4169 1574 4232 und

268 4279 413 4364 epitheta
431 4277 484 4340 bei
502 4272 725 4359 griechischen
744 4271 899 4357 dichtern,
918 4273 1146 4338 insbesondere
1167 4276 1217 4339 bei
1234 4274 1364 4358 Pindar,
1385 4274 1573 4358 Aeschylus,

269 4384 464 4470 Sophokles3
493 4381 698 4446 Halberstad.
725 4381 824 4464 1855,
853 4382 909 4445 ubi
937 4405 967 4465 p.
991 4383 1012 4446 2
1037 4404 1103 4467 sqq.
1132 4383 1211 4447 haec
1234 4383 1301 4446 fere
1330 4382 1471 4467 explicat
1499 4403 1572 4447 eon-

268 4493 427 4563 formandi
451 4489 594 4553 studium
616 4491 785 4572 poetarum
809 4487 1007 4553 Graecorum
1034 4511 1105 4554 cum
1134 4511 1172 4553 ex
1196 4489 1308 4554 eodem
1332 4489 1422 4554 fonte
1446 4489 1575 4553 fluxerit

269 4599 365 4680 atque
388 4595 551 4680 mythicae
574 4595 735 4678 fictiones,
765 4599 834 4659 tum
864 4596 934 4680 ipsa
961 4596 1231 4680 conformatione,
1260 4619 1323 4680 qua
1352 4599 1385 4660 et
1412 4617 1463 4680 ea,
1492 4617 1574 4680 quae

268 4703 356 4767 cerni
379 4703 534 4787 tangique
556 4702 699 4786 possint,
722 4707 829 4768 mente
853 4702 1001 4787 praedita
1023 4703 1201 4788 fingantur,
1225 4705 1258 4766 et
1281 4723 1332 4785 ea,
1356 4724 1438 4786 quae
1462 4723 1481 4766 a
1505 4724 1573 4766 sen-

270 4810 358 4874 sibus
373 4813 522 4874 sevocata
537 4809 610 4892 sint,
626 4813 700 4874 ante
720 4811 829 4874 oculos
848 4813 1019 4894 ponantur,
1035 4809 1224 4894 saepissime
1239 4809 1389 4874 notiones
1410 4807 1572 4892 mythicas

268 4915 447 4981 accuratius
471 4917 580 5002 effingi
604 4921 700 5000 atque
719 4916 886 5000 explicari,
911 4922 1007 5000 atque
1027 4915 1179 5000 mythicis
1200 4919 1344 4980 veterum
1363 4915 1572 4999 opinionibus
