3610 5542
749 406 962 472 *25-

204 565 292 632 Pers.
318 589 348 631 v.
371 567 449 633 613:
486 563 621 652 λιβάσιν
648 561 811 652 ὑδρηλαῖς
838 564 1013 651 παρθένον
1041 563 1148 649 πηγῆς
1170 560 1258 648 μέτα.
1301 563 1511 640 Quaererba

203 673 393 758 rectissime,
415 679 451 738 ut
474 675 621 760 equidem
645 696 772 757 censeo,
796 674 939 758 plerique
962 673 1153 756 interpretes
1178 672 1224 736 sic
1247 671 1449 755 intellegunt,
1473 674 1510 733 ut

205 781 247 845 sit
269 780 343 845 fons
362 803 461 864 purus
484 782 535 845 vel
559 782 699 865 integer,
723 781 932 845 scholiastam
952 779 1054 844 secuti
1073 778 1291 844 adnotantem:
1318 771 1512 861 άμολόντου

203 885 260 952 καλ
291 888 444 973 καθαρᾶς
481 883 537 952 διὰ
568 881 606 952 τό
643 898 713 964 τοῖς
745 894 839 964 θεοῖς
875 888 923 962 εἰς
955 888 1080 951 θυσίαν
1113 880 1512 970 συμπαραλαμβάνεσθαι.

204 992 317 1079 Neque
346 1015 420 1060 vero
449 995 571 1060 Tuchio
601 992 637 1081 (l.
660 996 680 1060 l.
705 1019 736 1080 p.
753 993 807 1082 18)
836 993 1076 1072 assentiendum
1099 996 1160 1076 est,
1189 1005 1261 1057 cum
1289 992 1386 1056 nimia
1415 990 1513 1054 artifi-

206 1101 302 1184 ciose,
326 1123 367 1164 ne
390 1101 495 1166 dicam
518 1102 626 1194 inepte
648 1101 777 1186 „fontes
800 1101 962 1186 virginum
986 1099 1081 1165 modo
1106 1097 1280 1163 saltantes“
1302 1098 1449 1182 explicet.

294 1207 441 1273 Adnecto
460 1209 701 1293 translationes,
724 1230 805 1293 quas
827 1208 1006 1292 Aeschylus
1026 1230 1045 1272 a
1063 1205 1271 1271 matrimonio
1294 1206 1345 1270 vel
1364 1205 1513 1289 coniugio

207 1318 374 1380 mutuatus
398 1319 456 1380 est.
497 1314 603 1380 Hasta
627 1317 713 1381 enim
736 1313 770 1400 (i.
789 1337 816 1380 e.
834 1311 972 1402 bellum)
996 1313 1153 1379 Helenam
1177 1313 1270 1397 quasi
1293 1313 1327 1377 in
1350 1312 1513 1376 matrimo-

206 1423 296 1487 nium
320 1422 412 1487 duxit
434 1421 496 1506 Ag.
519 1445 549 1487 v.
571 1423 649 1487 686:
672 1418 736 1487 τάν
759 1418 1033 1507 δορίγαμβρονῧῦ)
1049 1471 1056 1486 .
1071 1471 1100 1486 ..
1119 1415 1267 1504 Ἑλέναν,
1289 1420 1381 1504 „dem
1403 1419 1514 1503 kriege

206 1526 412 1611 vermaehlt“,
441 1528 559 1613 quippe
582 1551 665 1612 quae
687 1529 808 1593 bellum
833 1529 1021 1594 diuturnum
1044 1529 1189 1593 moverit.
1215 1563 1252 1574 -
1279 1526 1328 1591 Ae
1352 1526 1516 1591 calamita-

206 1639 270 1717 tes,
294 1635 410 1720 quibus
434 1634 575 1719 Oedipus
599 1636 737 1700 afflictus
761 1641 823 1721 eat,
848 1658 921 1701 cum
945 1657 982 1701 eo
1006 1636 1223 1700 concubantes
1249 1636 1417 1719 finguntur
1440 1633 1514 1697 lecti

208 1743 313 1808 sociae
337 1740 424 1826 Sept.
449 1765 476 1807 v.
499 1743 597 1807 1004:
622 1738 661 1807 lei
684 1744 776 1826 πῆμα
799 1741 897 1826 πατρὶ
920 1738 1098 1828 πάρευνον.
1135 1741 1349 1826 Intellegendi
1372 1763 1448 1807 vero
1471 1741 1516 1804 ri·

209 1849 324 1914 dentur
352 1870 422 1912 esse
445 1848 596 1913 Eteocles
625 1853 658 1914 et
680 1849 850 1934 Polynices
877 1850 995 1914 fratres
1024 1848 1136 1933 occisi,
1165 1871 1246 1933 quos
1275 1870 1402 1913 sorores
1425 1847 1515 1911 iuxta

208 1959 333 2039 patrem
356 1956 538 2039 sepulturae
563 1953 689 2042 sunt⁵¹)‚
712 1960 750 2020 ut
771 1955 882 2021 miseri
904 1956 954 2020 illi
977 1978 1050 2021 cum
1073 1959 1164 2039 patre
1187 1954 1304 2018 misero
1328 1954 1421 2038 quasi
1444 1953 1515 2018 dor·

209 2062 320 2128 miant.
585 2149 589 2156 ι

301 2169 353 2235 Ad
375 2170 624 2235 consenescendi
642 2171 707 2234 iam
730 2171 897 2236 notionem
915 2171 1137 2256 progredienti
1160 2169 1241 2234 mihi
1264 2170 1404 2253 primum
1423 2168 1519 2232 liceat

213 2279 319 2342 locum
343 2278 455 2342 afferre
479 2278 713 2362 corruptiorem
743 2276 818 2364 (Ag.
842 2301 871 2343 v.
895 2279 959 2344 983
984 2275 1084 2364 sqq),
1114 2300 1210 2362 quam
1233 2281 1270 2342 ut
1297 2277 1332 2341 in
1354 2276 1517 2361 integrum

211 2384 339 2448 restitui
358 2405 453 2468 posse
472 2384 626 2448 videatur.
663 2384 701 2447 ld
720 2387 839 2469 tamen,
863 2408 1048 2470 quanquam
1071 2389 1149 2468 quot
1167 2385 1358 2468 interpretes
1381 2385 1432 2447 tot
1450 2382 1518 2448 fere

211 2491 412 2555 coniecturas
439 2491 610 2574 habemusj
639 2494 788 2556 constare
817 2492 943 2557 videtur
964 2493 1065 2556 verbo
1093 2487 1291 2576 παρηβᾶνὸἳ)
1320 2489 1388 2554 sive
1411 2489 1518 2574 ipsum

96 2615 100 2622 ·
212 2602 355 2680 tempus,
383 2599 419 2660 ut
442 2595 647 2660 Hermannus
671 2595 809 2662 Weilius
834 2599 890 2663 alii
914 2598 1041 2681 volunt,
1069 2598 1135 2662 sive
1159 2598 1252 2661 funes
1275 2597 1407 2662 navales
1431 2595 1520 2660 litori

213 2704 389 2788 adligatos
416 2707 452 2767 ut
476 2687 664 2768 Dindorfius
693 2705 823 2783 conicit,
851 2703 996 2790 depingi,
1023 2704 1071 2768 ita
1098 2707 1135 2768 ut
1163 2704 1256 2788 quasi
1280 2707 1519 2768 consenescant.

212 2810 258 2876 Ut
281 2810 440 2875 Dindorfii
464 2810 657 2893 scripturam
680 2833 864 2896 sequamur,
892 2811 990 2875 verba
1013 2811 1092 2875 haec
1121 2815 1210 2876 sunt:
1246 2807 1368 2896 χρόνος
1391 2803 1423 2874 ‹l'
1449 2806 1520 2874 ἐπεὶ

213 2919 443 3002 Πρυμνησίων
463 2912 679 3000 ξυνεμβολαῖς
699 2921 859 3002 Ψαμμίας
882 2912 988 2982 άκάτα
1010 2913 1217 3002 παρήβησεν,
1242 2907 1318 2982 εὖθ’
1340 2911 1397 2983 ὑπ’
1414 2911 1521 2982 Ἴλιον

209 3013 308 3108 'storo
322 3020 491 3107 ναυβάτας
505 3020 652 3109 στρατός.
667 3062 709 3070 -
723 3025 905 3091 Identidem
919 3025 1032 3090 deinde
1048 3029 1244 3089 senectutem
1260 3025 1364 3108 ipsam
1379 3023 1522 3108 Aeschy-

216 3132 266 3196 lus
293 3131 451 3196 translate
479 3130 637 3196 adhibuit.
682 3131 789 3197 Priori
816 3133 865 3197 illi
893 3125 979 3216 loco,
1010 3132 1037 3196 si
1066 3154 1177 3197 verum
1200 3131 1407 3196 Hermannus
1431 3131 1521 3213 vidit,

214 3239 348 3322 adiungi
370 3241 479 3321 potest
500 3236 607 3304 Prom.
630 3261 657 3304 v.
681 3239 760 3304 981:
792 3231 1012 3322 ὁμηράσκοιν
1040 3235 1169 3324 χρόνος.
1206 3236 1255 3304 cf.
1277 3237 1371 3301 Eum.
1395 3260 1423 3302 v.
1447 3237 1521 3302 286.

215 3381 259 3394 -
282 3345 398 3410 Aetate
421 3349 576 3429 provecta
599 3345 696 3436 Troia
719 3346 910 3410 describitur
933 3345 994 3430 Ag.
1017 3369 1045 3410 u.
1062 3347 1138 3410 709:
1174 3343 1331 3430 Πριάμου
1353 3337 1450 3418 πόλις
1472 3366 1522 3426 γε·

217 3449 303 3534 ραιά.
328 3487 364 3497 -
385 3450 489 3516 Simili
511 3451 608 3516 modo
631 3452 716 3516 erice
739 3452 849 3517 senilis
873 3452 924 3516 vel
947 3451 1056 3517 vetula
1073 3451 1294 3516 inflammatur
1316 3451 1378 3536 Ag.
1400 3473 1429 3516 v.
1443 3451 1521 3514 295:

217 3561 335 3644 γραίας
358 3555 390 3646 (e
414 3554 547 3642 γεραιός
570 3556 785 3645 contractum)
810 3558 937 3645 ἐρείκης
954 3551 1075 3642 θωμὸν
1098 3553 1244 3637 ἅψαντες
1265 3561 1354 3644 πυρί.
1372 3594 1409 3604 -
1427 3556 1522 3621 Prae-

215 3669 305 3731 terea
333 3665 373 3730 ad
397 3687 447 3748 ea,
476 3685 556 3750 quae
585 3665 625 3730 ab
650 3665 816 3730 oculorum
839 3665 1070 3730 consuetudine
1094 3665 1234 3730 abducta
1257 3667 1345 3742 sunt,
1374 3668 1522 3729 senectus

218 3773 450 3855 transducitur3
474 3772 514 3836 ad
537 3771 659 3837 dictum
682 3772 734 3836 vel
757 3773 963 3856 proverbium
985 3771 1046 3857 Ag.
1070 3795 1099 3835 v.
1115 3772 1191 3836 750:
1214 3769 1323 3857 γέρων
1346 3766 1454 3853 λόγος.
1478 3806 1520 3818 -·

218 3878 360 3964 Choeph.
388 3880 453 3944 313
477 3901 537 3963 sq:
575 3874 737 3965 δράσαντι
769 3879 909 3960 παθεῖν,
944 3877 1114 3962 Τριμέροιν
1141 3877 1253 3961 μῦθος
1283 3872 1378 3962 τάδε,
1396 3888 1523 3961 φωνεῖ,

219 4010 301 4073 quac
321 3985 537 4052 conformatio
560 3985 776 4069 pulcherrime
798 3986 896 4050 verbo
915 3985 1068 4070 loquendi
1087 3985 1304 4050 continuatur.
1341 3982 1389 4048 cf.
1408 3983 1523 4068 fragm.

218 4096 298 4160 317:
342 4088 387 4170 ὡς
415 4092 501 4177 λέγει
533 4092 634 4176 γέρον
666 4087 810 4176 γράμμα.
856 4089 1052 4174 Comparare
1086 4090 1211 4155 iuvabit
1239 4089 1358 4174 Coeph.
1391 4113 1420 4155 v.
1444 4090 1523 4156 805:

210 4200 328 4285 Ιμόρων
351 4197 458 4285 φόνος
476 4194 586 4284 μηκέτ’
613 4199 650 4264 ἐν
674 4195 793 4283 δόμοις
815 4196 912 4264 τέκοι.
926 4233 971 4244 -
986 4196 1072 4282 Sept.
1096 4219 1124 4261 v.
1139 4199 1218 4263 682:
1242 4192 1304 4262 οὐκ
1328 4199 1396 4262 ἔστι
1419 4198 1524 4281 γῆρας

218 4307 317 4372 τοῦδε
345 4308 406 4373 τοῦ
434 4304 625 4390 μιάσματος.
671 4304 784 4390 Neque
808 4327 883 4370 vero
908 4326 1018 4370 omnes
1045 4304 1105 4372 has
1130 4304 1334 4388 metaphoras
1360 4305 1524 4388 integrum

218 4414 369 4500 imaginis
392 4415 714 4499 vigoreniservasse,
737 4414 792 4478 sed
816 4435 926 4477 earum
949 4413 1119 4496 plerasque
1143 4411 1315 4475 admodum
1339 4433 1408 4476 esse
1432 4411 1524 4476 attri-

219 4527 270 4588 tas
290 4521 389 4587 facile
412 4520 603 4586 conceditur.

311 4627 457 4712 Denique
481 4631 618 4694 mortem
642 4628 734 4712 quasi
757 4628 879 4692 obeunt
900 4625 1053 4692 lacrimae
1078 4624 1221 4708 Ohoeph.
1245 4647 1274 4691 v.
1295 4624 1358 4689 152
1372 4647 1431 4708 sq:
1459 4623 1524 4688 ’ίετε

222 4733 328 4823 δάκρυ
354 4733 495 4820 καναχὲς
523 4729 688 4820 ὀλόμενον
709 4729 872 4824 Ὀλομένςο
901 4730 1100 4821 taratrum),
1123 4769 1165 4779 -
1189 4731 1402 4797 Emoriuntur
1427 4753 1524 4815 porro

222 4841 345 4908 cineres
370 4842 431 4928 Ag.
454 4866 482 4908 v.
507 4844 571 4908 819
599 4844 741 4928 imagine
769 4843 811 4907 ab
833 4841 965 4907 homine
987 4841 1092 4925 petita
1115 4843 1293 4904 extremum
1320 4840 1407 4904 vitae
1431 4839 1525 4924 spiri-

222 4954 291 5014 tum
320 4950 448 5015 edente:
484 4945 746 5033 συνθνῄσκουσα
779 4945 817 5014 δὲ
844 4943 981 5025 Σποόὸς
1012 4945 1196 5032 προπέμπει
1228 4949 1346 5023 πίονας
1377 4941 1526 5012 πλούτου
