3610 5542
796 317 995 381 ,6-

243 475 515 561 quemadmodum
540 481 666 542 montes
690 477 801 562 valles,
823 499 956 542 nemora
980 480 1082 560 prata,
1105 477 1212 542 fontes
1235 477 1367 542 flumina
1387 477 1549 562 Nymphis

243 582 355 646 aliisve
378 583 564 648 numinibus
589 583 751 666 completa
774 583 841 647 sint
863 582 994 666 eredita,
1025 584 1071 648 sic
1100 583 1356 649 conformatione
1380 587 1549 668 permultis

242 693 377 754 naturae
400 691 496 754 rebus
522 690 621 754 vitam
650 713 687 755 ac
712 695 852 754 mentem
875 689 1048 773 impertiri,
1078 689 1229 775 mythicis
1258 694 1364 756 autem
1389 692 1547 776 opinioni-

243 796 303 861 bus
328 797 411 862 sicut
433 796 582 862 notiones
605 797 723 862 mentis
746 801 902 880 tanquam
926 797 977 860 dei
1002 818 1136 880 corpore
1159 797 1297 880 praediti
1319 798 1480 881 incedant,
1502 800 1549 863 ita
1580 805 1596 826 ¹

243 903 531 968 conformationem
567 903 665 968 etiam
698 903 801 988 magis
834 903 875 967 ad
907 903 1056 968 notiones
1089 904 1317 969 describendas
1351 905 1551 986 descendere,

243 1013 340 1094 atque
371 1009 418 1074 ita
448 1009 590 1094 quidem,
621 1013 657 1074 ut
686 1033 741 1074 eas
773 1011 821 1074 rel
853 1031 987 1095 corpore
1018 1011 1254 1095 conspicuoque
1285 1011 1392 1095 specie
1420 1011 1549 1076 indutas

243 1116 337 1182 nobis
361 1119 537 1200 proponat,
566 1117 615 1180 vel
638 1117 752 1181 leviter
776 1121 904 1180 tantum
927 1116 1064 1181 formam
1094 1118 1272 1182 adumbret.
1319 1119 1432 1202 Itaque
1457 1119 1549 1182 facile

244 1223 314 1288 fieri
337 1244 445 1307 posse,
477 1228 512 1287 ut
535 1224 751 1289 conformatio
775 1228 907 1307 propter
930 1223 1087 1308 originem
1111 1222 1312 1308 fontemque,
1340 1247 1357 1288 e
1386 1248 1449 1309 quo
1477 1247 1549 1309 pro-

155 1397 165 1420 ,
204 1351 206 1358 ·
244 1331 337 1414 fluat,
365 1330 518 1413 mythicis
547 1330 734 1394 notionibus
763 1328 990 1411 confundatur,
1018 1329 1074 1392 sed
1102 1351 1175 1394 oum
1203 1331 1366 1395 haecum
1394 1331 1549 1415 religione

244 1441 388 1501 veterum
412 1437 575 1502 artissime
598 1435 805 1520 cohaereant,
833 1436 924 1499 illam
952 1439 1118 1519 poetarum
1146 1438 1312 1521 propriam
1341 1459 1419 1502 esse.
1467 1436 1549 1513 Qua-

243 1548 376 1628 propter
399 1565 454 1608 cas
483 1543 728 1628 diligentissime
757 1564 828 1607 esse
855 1543 1096 1627 disiungendas.
1141 1543 1238 1609 Viam
1268 1549 1376 1610 autem
1406 1546 1446 1610 ad
1475 1567 1548 1609 con-

245 1651 474 1716 formationem
498 1649 685 1733 fingendam
704 1671 741 1714 ea
762 1649 884 1714 munire
905 1650 1070 1734 vocabula,
1093 1652 1209 1735 quibus
1228 1655 1261 1716 et
1279 1653 1370 1717 notio
1391 1652 1547 1736 quaedam

244 1758 363 1824 mentis
397 1761 429 1822 et
460 1778 580 1820 numen
613 1757 771 1839 divinum,
803 1757 853 1820 vel
886 1757 1002 1841 quibus
1035 1761 1068 1821 et
1100 1780 1152 1822 res
1185 1761 1322 1822 naturae
1352 1760 1485 1843 propria
1517 1763 1550 1822 et

243 1887 362 1930 numen
395 1864 541 1928 naturale
574 1863 787 1947 significetur,
819 1865 910 1929 velut
937 1866 1012 1948 δίκη
1041 1870 1074 1929 et
1103 1869 1206 1949 Δίκη,
1240 1862 1343 1943 αἰδώς
1371 1870 1403 1930 et
1426 1865 1550 1948 Αἰδώς,

243 1967 305 2048 νύξ
333 1975 366 2034 et
394 1966 483 2051 Νύξ,
516 1965 610 2053 ἥλιος
638 1975 671 2034 et
689 1966 812 2047 Ἥλιος.
860 1971 1017 2055 Persaepc
1045 1972 1132 2035 enim
1161 1972 1294 2037 dubium
1326 1995 1410 2056 csse,
1443 1977 1551 2037 utrum

244 2077 331 2142 hisce
356 2077 520 2142 vocabulis
552 2100 570 2140 a
598 2077 702 2161 poetis
732 2077 809 2142 deus
833 2078 927 2143 nobis
950 2083 1164 2163 proponatur,
1196 2100 1237 2142 an
1260 2100 1400 2164 persona
1423 2082 1551 2142 tantum

244 2183 372 2266 poetica
394 2181 577 2270 fingatur⁸).
1502 2175 1505 2182 Α

333 2289 446 2374 Itaque
469 2291 583 2374 negari
607 2313 673 2355 non
696 2295 803 2374 potest
825 2291 1114 2356 conformationem
1134 2295 1166 2356 et
1185 2293 1368 2356 fabularum
1388 2292 1551 2356 fictionem

245 2397 375 2462 vinculo
399 2402 465 2461 tam
491 2401 562 2461 arto
585 2399 670 2461 inter
694 2421 728 2462 se
752 2399 920 2481 contineri,
945 2402 980 2462 ut
999 2399 1079 2462 haec
1098 2398 1139 2461 ab
1159 2397 1218 2461 illa
1237 2397 1396 2482 originem
1417 2397 1551 2463 duxerit.

245 2503 327 2569 (lum
357 2525 432 2568 vero
465 2507 579 2587 poetae
611 2505 727 2589 tragici
759 2505 822 2568 nisi
854 2506 981 2570 fabulas
1015 2527 1031 2568 c
1065 2505 1217 2588 mythicis
1255 2505 1463 2587 opinionibus
1500 2505 1551 2568 de-

244 2613 412 2694 promptas
436 2632 502 2676 non
525 2615 767 2695 componerent,
796 2611 889 2674 valde
917 2610 958 2674 iis
982 2610 1158 2675 cavendum
1183 2614 1266 2694 erat,
1294 2633 1334 2673 ne
1364 2611 1397 2673 in
1426 2611 1550 2674 confur-

245 2717 457 2800 matiouibus,
494 2717 611 2802 quibus
645 2718 788 2802 mythice
822 2717 979 2802 quaedam
1016 2717 1105 2782 notio
1144 2717 1304 2798 subesset,
1342 2715 1552 2800 depingendis

246 2825 327 2888 fines
360 2825 584 2889 communibus
617 2825 717 2889 totius
746 2824 858 2908 populi
887 2822 1093 2906 opinionibus
1126 2821 1387 2905 circumscriptos
1422 2823 1552 2904 egrede-

245 2934 357 2995 rentur
378 2953 458 2995 neve
488 2932 561 2996 aliis
589 2932 795 2995 lineamentis
823 2930 958 2994 numina
986 2929 1208 3012 confingerent
1235 2931 1331 3011 atque
1361 2929 1394 2991 iu
1423 2929 1552 2992 audien·

246 3038 329 3102 tium
353 3039 516 3102 mentibus
540 3039 640 3102 infixa
662 3037 842 3102 haererent.

337 3144 408 3225 Hoc
435 3146 548 3229 igitur,
577 3147 662 3229 quod
691 3145 968 3229 adumbravimus,
997 3146 1133 3208 alterum
1161 3143 1426 3208 conformationis
1450 3165 1551 3227 genus

249 3252 455 3316 statuendum
479 3256 538 3316 est.
584 3250 645 3316 Sed
666 3252 790 3314 cumin
810 3251 995 3314 huiusmodi
1014 3249 1210 3334 imaginibus
1230 3249 1447 3314 describendis
1467 3253 1551 3314 vete-

247 3384 298 3424 res
322 3359 438 3444 tragici
462 3358 558 3422 oertis
588 3359 780 3443 quibusdam
809 3357 956 3421 terminis
980 3356 1115 3420 cohibiti
1140 3357 1219 3440 sint,
1243 3357 1276 3420 in
1300 3358 1401 3421 altero
1426 3378 1554 3441 genere,

247 3489 310 3551 quo
341 3465 500 3550 imprimis
531 3467 626 3529 rebus
658 3466 728 3529 visu
760 3467 911 3549 tactuque
942 3464 1125 3527 manifestis
1156 3465 1205 3528 vel
1236 3463 1375 3527 hominis
1407 3465 1457 3527 vel
1488 3465 1554 3527 ani·

250 3574 344 3638 malis
370 3573 491 3656 species
515 3577 548 3635 et
570 3572 784 3655 proprietates
803 3571 998 3654 tribuuntur,
1023 3570 1120 3634 etiam
1138 3571 1188 3654 iis,
1212 3592 1401 3654 quacunque
1420 3550 1554 3655 quisque
1626 3563 1632 3572 ’

248 3680 345 3745 vellet
377 3679 521 3762 licentia,
561 3679 761 3763 imaginandi
797 3679 952 3742 facultate
990 3679 1037 3741 uti
1069 3679 1170 3743 licuit.
1221 3675 1317 3741 Haud
1351 3700 1423 3741 raro
1458 3678 1553 3748 huius

248 3787 376 3872 generis
408 3786 640 3852 translationes
673 3809 711 3850 ex
744 3787 859 3851 animis
892 3786 1057 3850 hominum
1095 3785 1263 3848 concitatis
1292 3784 1554 3867 perturbatisque

249 3894 409 3975 oriuntur,
442 3893 497 3977 qui
530 3915 592 3977 quo
624 3893 878 3957 vehementiores
912 3895 1003 3975 sunt,
1041 3913 1078 3955 eo
1111 3890 1239 3954 facilius
1273 3889 1486 3971 adducuntur,
1519 3895 1555 3955 ut

251 4004 387 4064 naturae
411 4001 507 4064 rebus
531 4000 649 4084 agendi
673 3999 895 4083 sentiendique
918 3999 1107 4062 facultatem
1131 3997 1328 4080 impertiant.

338 4106 399 4170 His
423 4107 557 4190 duohuS,
581 4129 662 4190 quae
682 4107 919 4190 proposuimus
943 4103 1236 4169 conformationum
1254 4101 1426 4186 generibus
1447 4105 1556 4166 omnia

248 4216 316 4301 fere
345 4214 504 4296 exempla,
537 4235 618 4297 quae
647 4213 856 4276 inveniuntur
885 4211 969 4294 apud
997 4210 1211 4294 Aeschylum,
1239 4208 1460 4292 continentur,
1488 4209 1556 4274 sive

249 4343 307 4405 per
330 4320 553 4385 similitudinis
572 4321 732 4384 rationem
752 4319 818 4383 sive
837 4341 895 4402 per
912 4317 1147 4400 metonymiam
1169 4316 1236 4379 sive
1255 4337 1312 4398 per
1332 4315 1556 4399 synecdochen

250 4427 404 4512 explicari
426 4430 573 4510 possunt.

339 4533 499 4616 Exempla
527 4556 577 4597 me
606 4555 670 4596 non
700 4555 737 4598 ea
768 4534 887 4616 solum,
914 4554 995 4615 quae
1023 4531 1157 4615 quisque
1185 4531 1289 4614 primo
1320 4530 1434 4594 obtutu
1462 4530 1555 4594 facile

250 4641 437 4725 perspiciat,
462 4640 518 4704 sed
541 4662 748 4726 quaecunque
772 4639 1165 4726 investigareputuerim,
1194 4638 1397 4720 prolaturum
1421 4637 1474 4700 vix
1498 4640 1555 4720 est,

252 4748 337 4832 quod
366 4770 530 4831 moneam,
562 4749 754 4831 praesertim
782 4771 854 4812 cum
882 4748 916 4810 in
945 4747 1065 4831 linguis
1094 4745 1243 4827 mortuis,
1279 4765 1360 4827 quae
1389 4747 1557 4827 vocantur,
1590 4804 1593 4814 ,

252 4854 493 4937 perscrutandis
522 4854 746 4918 difficillimum
781 4854 823 4918 sit
856 4853 1043 4935 diiudicare,
1076 4856 1108 4915 et
1141 4855 1248 4915 utrum
1277 4853 1385 4934 imago
1415 4851 1456 4914 ab
1485 4851 1556 4934 ipso
