3610 5542
822 350 1038 418 ..53-

368 511 559 576 Extremum
588 513 653 576 iam
682 533 798 578 moneo
828 511 1025 596 Aeschylum
1055 512 1203 577 iuvenem
1231 511 1392 596 imprimis
1420 531 1473 596 ca,
1505 534 1587 596 quae
1679 584 1684 598 ¹
1800 543 1801 578 i

275 619 421 684 sensibus
446 619 590 683 subiecta
614 621 702 702 sunt,
736 640 800 702 quo
829 619 933 704 magis
957 623 1076 690 autem¹
1091 623 1195 684 aetate
1219 623 1305 684 esset
1326 625 1521 702 provectus,
1548 641 1586 683 eo

280 726 387 808 plures
410 747 462 790 res
486 745 545 788 nec
568 723 641 788 risu
664 747 723 790 nec
746 729 835 790 tactu
854 726 1043 791 manifestas
1063 726 1375 792 conformationibus
1394 725 1586 792 illustrasse.

278 830 367 896 Haec
391 835 427 897 ut
450 831 584 915 probem
607 832 749 896 numeris
773 833 953 917 nonnullis,
981 833 1015 897 in
1038 833 1209 898 Persarum
1238 831 1363 916 fabula,
1391 854 1472 916 quae
1496 831 1587 897 fabu-

277 939 382 1002 larum
406 938 501 1004 nobis
524 939 716 1003 traditarum
739 939 838 1023 vulgo
863 939 1091 1023 antiquissima
1119 939 1333 1021 existimatur,
1361 937 1405 1002 45
1429 939 1587 1002 concretis

276 1047 308 1108 et
336 1045 378 1108 22
408 1045 578 1109 abstractis
605 1044 675 1110 vita
701 1044 867 1128 tribuitur,
898 1048 1010 1109 contra
1040 1045 1074 1108 in
1102 1044 1320 1110 Eumenidum
1348 1045 1473 1128 fabula,
1504 1066 1587 1127 quac

278 1155 443 1234 postrema
460 1152 608 1235 habetur,
627 1153 667 1216 27
684 1151 842 1216 concretis
862 1155 895 1214 et
909 1151 951 1215 36
971 1151 1152 1217 abstractis.
1188 1151 1338 1216 Proxime
1358 1151 1399 1216 ad
1413 1150 1586 1216 Persarum

278 1257 422 1322 fabulam
446 1259 506 1322 hae
526 1259 560 1322 in
584 1279 619 1322 re
643 1257 766 1322 accedit
789 1255 1020 1340 „Prometheus
1039 1258 1194 1341 vinctus“‚
1218 1280 1281 1342 qua
1304 1258 1417 1322 fabula
1439 1258 1483 1321 46
1507 1280 1584 1322 con·

277 1368 365 1429 creta
392 1369 425 1430 et
453 1367 495 1431 32
524 1367 688 1430 abstracta
720 1365 795 1430 riva
822 1365 1003 1451 finguntur,
1038 1388 1110 1430 cum
1139 1363 1346 1450 ,‚Supplices“
1378 1368 1411 1429 et
1437 1363 1586 1448 „Septem

276 1475 390 1538 contra
410 1471 567 1556 Thebas“,
590 1494 671 1556 quae
690 1472 922 1555 inscribuntur,
946 1474 1008 1537 etsi
1025 1473 1087 1536 hae
1106 1473 1236 1538 fabulae
1255 1471 1440 1536 Promethei
1459 1474 1586 1556 tragoe-

276 1578 329 1643 dia
353 1578 550 1661 antiquiores
573 1581 743 1662 putantur,
767 1575 919 1642 Oresteae
943 1578 1114 1643 similiores
1138 1580 1212 1644 sint.
1258 1578 1306 1642 Ac
1329 1578 1469 1642 fortasse
1493 1578 1584 1643 iuvat

276 1684 386 1748 audire
409 1687 557 1748 concreta
578 1683 749 1767 praecipue
772 1684 806 1746 in
825 1683 983 1748 deverbiis
1005 1705 1178 1768 occurrere,
1203 1686 1366 1750 abstracta
1384 1684 1419 1747 in
1438 1685 1583 1768 canticis,

278 1813 342 1874 qua
366 1793 442 1854 sunt
466 1789 653 1854 sublimiore
673 1791 822 1854 dictione.
861 1788 914 1855 Sic
936 1791 969 1853 in
993 1790 1164 1855 Persarum
1189 1791 1346 1855 deverbiis
1371 1792 1412 1854 27
1429 1794 1584 1855 concreta

275 1901 307 1960 ct
332 1898 373 1960 12
398 1896 560 1960 abstracta
588 1895 808 1979 inveniuntur,
838 1897 872 1960 in
898 1897 1150 1982 Agamemnonis
1179 1896 1335 1961 dererbiis
1360 1897 1401 1960 67
1432 1902 1584 1962 concreta

275 2007 307 2066 et
326 2004 368 2066 36
390 2002 566 2084 abstracta3
591 2005 625 2066 at
648 2003 681 2066 in
705 2002 839 2067 canticis
859 2003 1115 2088 Agamemnonis
1139 2004 1267 2068 fabulae
1293 2004 1334 2067 14
1354 2008 1514 2087 concreta,
1538 2003 1582 2068 50

275 2108 440 2172 abstracta
460 2108 555 2173 obvia
574 2113 658 2193 sunt,
680 2109 715 2174 in
729 2108 944 2174 Eumenidum
964 2111 1098 2174 canticis
1117 2110 1138 2175 5
1157 2113 1322 2194 concreta,
1346 2111 1583 2186 Phabstracta.

276 2215 337 2280 Sed
360 2215 440 2280 haec
461 2215 628 2298 hactenus,
650 2237 690 2279 ne
714 2215 825 2279 nimiis
848 2216 990 2280 numeris
1013 2217 1128 2302 longus
1153 2217 1223 2283 sim.
