3610 5542
785 383 1003 447 ...13..

240 547 364 627 serunt,
399 545 515 627 quibus
544 543 694 609 assentiri
722 543 853 627 possim.
883 580 923 588 -
954 540 1046 616 Quod
1077 543 1174 605 etiam
1202 565 1301 607 naves
1330 545 1422 627 quasi
1449 546 1549 609 oculis

240 653 438 714 exornantur
463 651 516 714 vix
540 672 733 735 quemquam
758 649 913 734 offendat,
944 648 1062 732 quippe
1087 670 1168 732 quae
1196 649 1279 733 apud
1309 654 1445 734 veteres,
1473 672 1549 734 quo·

243 756 331 820 niam
355 757 450 820 rebus
469 757 641 820 maritimis
661 756 852 820 deditissimi
871 759 975 837 erant,
999 756 1123 818 tantum
1142 755 1316 840 valuerint,
1340 762 1376 821 ut
1394 761 1549 841 tanquam

243 884 401 945 personae
424 864 511 927 visae
535 860 656 949 sint22).
694 863 796 938 Quam
821 863 862 927 ob
886 884 953 926 rem
974 862 1161 945 saepissime
1181 862 1312 926 navium
1332 864 1416 928 oculi
1431 886 1549 928 memo·

239 973 362 1034 rantur.
409 969 504 1054 Apud
528 968 724 1054 Aeschylum
748 969 912 1034 caeruleos
942 970 1052 1034 oculos
1080 991 1136 1032 eae
1159 969 1279 1034 habere
1302 970 1453 1035 videntur
1476 994 1550 1054 pro-

241 1081 313 1160 pter
336 1078 476 1142 colorem
500 1077 696 1159 caeruleum,
724 1069 787 1160 q'uo
812 1076 896 1140 illini
920 1075 1084 1140 solebant:
1112 1072 1321 1153 κυανώπιδες
1343 1078 1422 1154 νᾶες
1445 1076 1551 1163 (Pers.

241 1206 268 1249 v.
292 1183 370 1266 5593
401 1182 510 1268 Suppl.
534 1205 562 1247 v.
588 1184 675 1269 743).
701 1221 741 1229 -
771 1180 869 1247 Aliud
898 1181 1081 1246 huiusmodi
1109 1183 1304 1266 exemplum,
1334 1184 1420 1268 quod
1444 1190 1551 1249 exstat

242 1287 352 1374 Suppl.
371 1313 399 1354 v.
416 1291 479 1354 716
494 1311 575 1373 sqq.:
598 1287 653 1353 καὶ
672 1291 789 1379 πρῷρα
807 1284 959 1373 πρόσθεν
982 1284 1106 1372 ὄμμασι
1125 1283 1282 1372 βλέπουσ’
1304 1284 1404 1373 ὁδόν,
1429 1296 1551 1368 Οἴακος

241 1396 423 1480 ίθυντῆρος
449 1391 595 1462 ὑστάτου
620 1392 704 1473 νεώς
723 1393 829 1479 ’Ἁμαν
852 1395 961 1471 καλῶς
983 1391 1143 1478 κλύουσα,
1173 1391 1236 1472 τως
1259 1388 1302 1461 ὄιν
1326 1391 1368 1460 οὐ
1391 1400 1472 1481 φίλη
1488 1449 1495 1463 .
1510 1447 1517 1462 .
1533 1447 1551 1480 .,
1625 1451 1628 1457 ,

240 1523 278 1566 ex
311 1525 436 1568 summo
470 1503 569 1567 animi
602 1523 724 1588 angore
756 1503 883 1567 videtur
915 1523 985 1566 esse
1023 1502 1260 1586 explicandum,
1293 1525 1356 1586 quo
1391 1504 1549 1570 sollicitus

241 1715 418 1780 timendam
439 1716 556 1781 vidisse
576 1717 681 1801 magis
697 1717 866 1800 magisque
886 1716 1210 1800 appropinquantem.
1260 1715 1425 1802 Numquid
1448 1719 1549 1802 igitur

243 1822 468 1888 admirationis
495 1823 608 1906 habet,
636 1823 721 1907 quod
746 1822 850 1887 oculis
878 1823 967 1886 illam
995 1823 1090 1906 fingit
1117 1823 1379 1906 prospicientem,
1412 1825 1549 1909 praedas

243 1929 262 1993 i.
286 1951 311 1994 e.
339 1930 425 1994 filias
454 1935 489 1994 ut
516 1930 698 2014 investiget,
727 1929 846 2013 capiat,
875 1930 906 1994 vi
935 1928 1095 1993 abducat?
1142 1927 1293 1993 Perverse
1316 1929 1458 1995 Tuchius
1484 1933 1504 1996 l.
1528 1934 1548 1997 l.

240 2057 269 2117 p.
296 2036 336 2099 15
359 2036 445 2100 hun'c
468 2036 576 2102 locum
600 2037 635 2099 in
664 2035 947 2119 inconsequentiae
976 2035 1146 2119 exemplis,
1177 2040 1213 2099 ut
1240 2036 1308 2100 eius
1338 2037 1444 2112 verbis
1468 2041 1550 2124 utar,

239 2147 400 2225 numerat,
424 2145 517 2229 quasi
540 2143 625 2207 idem
648 2143 714 2206 fere
739 2143 781 2206 sit
804 2146 900 2227 atque
924 2140 1011 2226 Sept.
1035 2166 1064 2207 v.
1087 2143 1166 2206 498:
1200 2140 1308 2227 φόβον
1330 2142 1463 2226 βλέπων
1487 2147 1547 2230 vel,

244 2253 280 2311 ut
302 2249 356 2312 ille
379 2251 450 2315 vult
474 2249 559 2333 Sept
583 2273 613 2314 r.
639 2249 714 2314 103:
737 2244 864 2314 κτύπον
887 2248 1031 2333 δέδορκα
1053 2254 1121 2314 κτλ.

291 2373 296 2387 ’
328 2355 440 2441 Hisce,
473 2379 552 2441 quas
581 2356 822 2441 proposuimus,
856 2355 1166 2421 conformationibus
1196 2355 1292 2420 rebus
1324 2361 1414 2422 tactu
1447 2360 1549 2422 mani·

240 2460 331 2526 festis
362 2463 447 2526 oculi
475 2461 624 2526 attributi
653 2463 739 2526 sunt.
784 2459 899 2526 Restat
927 2461 1004 2543 iam,
1033 2465 1069 2524 ut
1097 2482 1134 2528 ea
1162 2462 1363 2545 proferamus
1393 2467 1550 2551 exempla,

241 2568 356 2651 quibus
385 2573 482 2652 poeta
510 2591 561 2652 ea,
593 2591 675 2653 quae
709 2592 728 2632 a
761 2569 949 2653 corporibus
983 2568 1116 2633 seducta
1144 2564 1241 2654 sunt,
1267 2573 1368 2637 oculis
1397 2573 1548 2640 illustrat.

240 2672 429 2740 Vereouudo
454 2677 543 2740 vultu
567 2675 670 2760 pudor
693 2677 850 2760 prospicit
873 2677 980 2740 Prom.
1003 2699 1031 2740 r.
1054 2677 1130 2740 134:
1152 2675 1214 2761 τὴν
1237 2680 1430 2763 θεμερῶπιν
1453 2677 1548 2745 aldai.

240 2817 283 2827 —-
311 2782 388 2866 Ipsa
414 2783 483 2847 vita
511 2783 612 2849 oculis
638 2783 785 2867 praedita
811 2784 959 2868 fingitur,
991 2806 1127 2868 quorum
1161 2784 1245 2848 acies
1280 2785 1422 2850 lacrimis
1450 2787 1549 2852 hebes

240 2888 327 2953 facta
354 2891 397 2953 sit
424 2890 518 2955 Eum.
546 2913 575 2953 r.
599 2890 678 2954 955:
711 2887 868 2975 δακρύων
896 2892 973 2972 βίον
1001 2885 1192 2973 ὄμβλωπόν.
1237 2890 1326 2967 Quae
1353 2894 1451 2958 verba
1478 2916 1550 2959 cum

240 2995 362 3079 Papius
390 3001 423 3061 et
450 2995 637 3062 Dindorfius
669 2996 745 3080 (vid.
774 2996 834 3061 lex.
863 3020 886 3061 s.
910 2997 941 3061 h.
964 2996 1007 3080 v.)
1037 2996 1258 3061 Wellauerum
1291 3001 1394 3063 secuti
1425 3001 1549 3084 „vitam

240 3103 381 3167 lacrimis
400 3105 448 3168 ita
465 3103 608 3188 plenam,
631 3108 668 3168 ut
689 3103 860 3168 hominum
879 3105 963 3169 oculi
981 3103 1179 3168 hebescunt“
1198 3104 1461 3190 interpretentur,
1480 3129 1549 3173 sen-

166 3247 178 3268 .
240 3211 378 3274 tentiam
392 3210 440 3274 illi
459 3210 588 3295 quidem
607 3211 805 3294 exprimunt,
828 3211 1076 3276 translationem
1090 3232 1180 3294 vero,
1199 3232 1281 3294 quae
1296 3212 1393 3294 inest,
1417 3235 1549 3296 prorsus

242 3315 516 3403 exstinxerunt).
547 3355 583 3363 -
614 3317 703 3382 Inter
730 3318 891 3402 exempla,
919 3339 1001 3402 quae
1029 3317 1069 3382 ad
1098 3321 1248 3402 tempora
1275 3319 1452 3404 pertinent,
1482 3320 1549 3385 dies

243 3424 308 3488 sole
327 3428 481 3508 tanquam
506 3425 599 3490 oculo
619 3447 696 3489 usus
717 3426 802 3508 apud
817 3425 1013 3509 Aeschylum
1033 3447 1098 3490 non
1112 3426 1263 3508 occurrit,
1286 3447 1358 3491 cum
1374 3424 1550 3510 Sophocles

240 3531 413 3596 notissimo
432 3532 488 3598 illo
507 3532 633 3597 cantico
653 3528 782 3618 (Antig.
796 3555 824 3596 v.
842 3532 905 3596 100
920 3529 1002 3618 sqq.)
1023 3531 1148 3597 radium
1172 3532 1250 3596 solis
1275 3532 1337 3596 diei
1360 3534 1548 3617 palpebram

189 3703 193 3712 Α
243 3637 357 3721 fingat:
386 3632 478 3714 ἀκτὶς
501 3633 617 3704 ἀελίου
640 3690 646 3703 .
671 3687 678 3703 .
703 3688 709 3701 .
733 3688 741 3703 .
765 3625 791 3702 ὦ
815 3636 957 3721 χρυσέας
979 3632 1102 3724 ἁμέρας
1125 3637 1305 3722 βλέφαρον.
1351 3639 1551 3705 Pervenusta

243 3747 350 3808 autem
378 3745 518 3829 imagine
546 3745 622 3810 luna
650 3745 755 3810 noctis
782 3747 917 3809 vocatur
945 3747 1056 3810 oculus
1082 3744 1168 3831 Sept.
1192 3769 1220 3810 v.
1244 3746 1309 3810 389
1324 3767 1383 3828 sq:
1417 3743 1548 3830 λαμπρὰ

243 3845 280 3914 δὲ
294 3849 502 3934 πανσέληνος
521 3850 557 3916 έν
577 3851 664 3940 μέσῳ
684 3847 793 3934 σάκει,
816 3850 1035 3934 Πρέσβυστον
1050 3848 1199 3937 ὄστρων,
1222 3848 1343 3928 νυκτὸς
1362 3846 1550 3936 ὀφθαλμός,

243 3955 366 4041 πρέπει.
420 3956 575 4023 Similiter
606 3981 671 4024 nox
703 3960 855 4043 ingruens
888 3958 973 4023 hunc
1007 3959 1041 4022 in
1075 3959 1206 4024 modum
1239 3958 1432 4024 describitur
1463 3958 1549 4022 Pers.

242 4087 270 4128 v.
293 4065 374 4129 428:
398 4062 459 4140 ἕως
481 4066 635 4148 κελαινῆς
657 4059 776 4142 νυκτὸς
801 4058 879 4149 ὄμμ’
901 4059 1065 4149 ἀφείλετο.
1103 4065 1266 4141 Quocum
1289 4067 1361 4130 loco
1376 4065 1550 4130 Teuffelius

243 4175 411 4256 comparat
434 4172 511 4236 Eur.
534 4171 557 4238 I.
582 4171 617 4236 T.
641 4195 669 4235 r.
697 4172 773 4236 110:
798 4166 879 4236 ὅταν
903 4168 940 4236 δέ
963 4167 1083 4250 νυκτὸς
1107 4167 1197 4254 ὄμμα
1224 4175 1362 4256 λυγαίας
1390 4168 1484 4257 μόλῃ.
1509 4210 1546 4220 -

331 4277 456 4344 Eodem
484 4278 580 4343 modo
608 4278 796 4362 nonnullae,
823 4300 902 4362 quas
931 4279 1082 4343 iamnunc
1109 4280 1295 4362 prolaturus
1323 4301 1394 4344 sum
1424 4278 1549 4344 confor-

242 4384 417 4468 mationes,
444 4385 649 4469 explicandae
672 4384 834 4450 videntur:
863 4384 924 4470 Ag.
948 4409 978 4449 v.
1005 4387 1058 4450 13:
1091 4380 1195 4469 εὐνὴν
1224 4379 1368 4471 ὀνείροις
1397 4382 1457 4450 οὐκ
1485 4384 1550 4450 ἐπι-

242 4488 475 4574 σκοπουμένην
499 4487 554 4578 (cf.
577 4492 615 4556 Il.
638 4491 685 4576 II,
709 4493 738 4557 8.
761 4529 796 4538 -
820 4491 879 4556 Od.
903 4491 1022 4574 XXIV,
1044 4490 1107 4578 12).
1154 4489 1272 4556 Custos
1296 4492 1379 4556 enim
1408 4493 1440 4556 in
1465 4490 1550 4577 Aga·

243 4599 424 4664 memnonis
447 4598 543 4664 domo
568 4599 719 4665 excubias
743 4618 843 4684 agens
864 4598 1017 4683 queritur,
1041 4599 1127 4683 quod
1145 4621 1203 4684 per
1222 4621 1340 4664 annum
1359 4603 1410 4665 tot
1427 4598 1549 4683 vigiliis

242 4704 386 4770 defessus
411 4707 467 4789 sit,
490 4710 526 4770 ut
550 4707 675 4772 somnia
698 4727 862 4790 nunquam
885 4709 992 4770 torum
1015 4706 1159 4771 riserint.
1174 4741 1219 4753 -—
1238 4704 1314 4770 Sine
1338 4705 1435 4770 dubio
1459 4727 1549 4788 prae-

241 4814 330 4876 terea
352 4812 485 4876 numina
507 4813 723 4898 intellegenda
751 4816 826 4877 sunt
850 4812 939 4877 hisce
961 4813 1055 4878 locis:
1087 4811 1181 4877 Eum.
1205 4836 1233 4877 v.
1257 4813 1337 4876 970:
1366 4810 1491 4897 στέργω
1516 4807 1547 4876 δ’

241 4911 373 5003 ὄμματα
398 4919 557 4996 Πειθοῦς.
584 4957 620 4966 -
647 4920 709 5005 Ag.
732 4943 761 4984 v.
782 4921 859 4983 774:
884 4920 973 4984 Δίκα
996 4916 1034 4984 δὲ
1057 4916 1177 5005 λάμπει
1201 4915 1262 5004 μέν
1286 4918 1322 4984 έν
1346 4912 1550 4996 δυσκάπνοις
