3610 5542
770 375 989 439 -21-

228 565 397 607 numerum
430 542 562 606 deorum
594 540 717 604 relatae
750 541 838 621 sunt,
872 540 906 602 at
937 540 1022 602 certe
1055 555 1128 602 aras
1160 519 1289 599 habere¹
1307 535 1359 600 vel
1386 534 1421 598 in
1450 533 1531 598 solio

229 650 322 734 quasi
354 649 463 714 sedere
495 653 590 732 atque
626 667 764 731 regnare
797 645 956 712 videntur.
1006 642 1183 728 Utriusque
1220 627 1346 727 generis
1384 638 1532 726 exempla

230 757 315 841 apud
347 761 496 822 nostrum
523 756 654 819 exstant
680 753 792 850 haece:
825 751 888 836 Ag.
910 774 938 816 v.
962 752 1042 816 382:
1074 749 1178 834 μέγαν
1201 753 1308 826 Δίκας
1339 745 1466 834 βωμόν.
1490 787 1533 815 -.

230 861 372 947 Choeph.
395 885 425 928 v.
441 863 518 927 648:
543 864 648 944 Δίκης
671 861 831 946 ἐρείδεται
854 855 1001 943 πυθμήν.
1025 893 1071 906 -
1093 858 1187 923 Eum.
1209 881 1237 922 v.
1252 858 1317 923 539
1333 881 1392 942 sq.:
1416 854 1532 941 βωμόν

229 971 359 1034 αίδεσαι
380 972 496 1051 Δίκας,
520 968 606 1053 μηδέ
626 993 683 1033 νιν
705 966 822 1054 κέρδος
846 962 930 1032 ίδών
954 961 1045 1055 ἀθέῳ
1069 963 1148 1030 ποδὶ
1172 959 1232 1042 λάξ
1256 959 1380 1050 ἀτίσῃς.
1402 999 1440 1010 -·
1462 963 1532 1040 Qua

228 1099 303 1141 vero
328 1097 426 1139 causa
449 1076 562 1140 ductus
586 1073 772 1139 Dindorfius
801 1073 897 1138 modo
926 1073 1129 1156 maiusculis,
1159 1072 1253 1137 modo
1282 1071 1470 1136 minusculis
1497 1071 1532 1135 in

228 1183 400 1249 scribendo
424 1205 500 1248 usus
523 1187 592 1247 turn
617 1182 725 1263 δίκας,
754 1185 824 1245 tum
848 1183 955 1256 Δίκας
982 1181 1017 1244 in
1038 1179 1137 1244 variis
1164 1178 1314 1262 Aeschyli
1338 1178 1531 1243 editionibus

228 1295 260 1355 et
282 1291 343 1354 lex.
368 1288 482 1354 Aesch.
507 1287 700 1372 exhibuerit,
728 1309 795 1352 non
822 1287 902 1351 satis
929 1286 1140 1370 intellegitur.
1164 1323 1206 1330 -
1230 1285 1302 1350 Huc
1329 1286 1428 1349 etiam
1452 1285 1531 1350 refe·

227 1397 362 1461 rendum
386 1400 436 1460 est
457 1394 749 1480 praeclarissimum
773 1393 853 1458 illud
875 1394 991 1479 fragm.
1017 1395 1095 1478 156,
1123 1415 1186 1480 quo
1215 1413 1303 1458 mors
1332 1395 1399 1456 tam
1422 1393 1531 1458 inexo-

229 1504 343 1568 rabilis
366 1504 399 1567 in
422 1501 571 1566 homines
594 1500 798 1584 describitur,
821 1502 858 1564 ut
881 1500 980 1564 etiam
1004 1522 1062 1564 ara
1084 1503 1193 1564 careat
1212 1521 1248 1564 ac
1267 1500 1367 1564 sacris
1386 1499 1531 1584 mitigari

228 1625 300 1676 non'
317 1611 435 1694 possit:
469 1604 572 1691 μόνος
599 1609 691 1672 θεῶν
719 1602 783 1693 γάρ
812 1603 964 1684 Θάνατος
993 1601 1034 1672 οὐ
1063 1603 1183 1693 δάρων
1207 1607 1282 1694 ἐρᾷ,
1317 1601 1397 1670 Οὕτ’
1428 1602 1471 1672 άν
1499 1630 1531 1671 τι

227 1714 325 1782 δύων
358 1709 429 1781 οὔτ’
467 1713 674 1780 ἐπισπένδων
706 1708 815 1796 ἀνοις,
849 1707 900 1778 Οὐ
932 1710 1044 1797 βωμός
1077 1713 1167 1779 ἐστιν
1200 1709 1281 1779 οὐδὲ
1312 1717 1530 1793 παιωνίζεται.

229 1821 350 1890 Μόνον
374 1820 412 1888 δὲ
436 1816 750 1904 Πειδάδαιμόνων
779 1813 963 1885 ἀποστατεῖ.
987 1857 1029 1866 -
1054 1820 1161 1886 Simili
1188 1823 1314 1887 ratione
1340 1821 1456 1905 pudori
1480 1845 1530 1887 so·

227 1932 305 1996 lium
336 1929 508 1995 ascribitur
537 1926 624 2011 Sept.
647 1951 675 1992 v.
698 1928 776 1993 409:
789 1992 795 2003 ,
808 1924 868 1992 τὸν
897 1922 1057 2012 αἰσχύνης
1085 1924 1218 2014 θρόνον
1248 1928 1418 2012 τιμῶντας
1452 1930 1530 2012 quin

120 2103 123 2110 ς
230 2037 327 2103 etiarn
350 2038 412 2121 ipsi
435 2035 545 2100 menti·
560 2036 621 2120 Ag.
646 2057 674 2099 v.
698 2035 763 2099 982
787 2056 846 2119 sq.:
869 2031 1003 2121 ,θάρσος
1026 2030 1163 2111 εὐπιθές
1190 2035 1249 2115 ἵζει
1276 2030 1405 2122 Φρενὸς
1427 2039 1529 2119 φίλον

226 2140 367 2226 θρόνον.
408 2142 546 2208 Keekius
565 2164 644 2206 num
663 2145 749 2206 recte
767 2141 852 2206 hanc
870 2143 1039 2206 verborum
1060 2143 1252 2226 scripturam
1272 2143 1530 2227 commutaverit,

226 2251 399 2316 diiudicare
424 2249 629 2333 supersedeo,
659 2270 730 2313 eum
759 2249 801 2313 ad
828 2249 875 2333 id,
903 2249 988 2333 quod
1011 2249 1105 2314 nobis
1128 2250 1332 2334 propositum
1356 2254 1420 2334 est,
1447 2251 1530 2314 nihil

228 2357 376 2422 attineat.
421 2355 506 2422 Nam
529 2356 582 2420 ille
607 2376 734 2440 quoque
757 2357 877 2420 mentis
901 2356 1029 2440 solium,
1053 2355 1179 2440 dequo
1203 2356 1320 2440 agitur,
1343 2358 1484 2423 retinuit.

314 2463 385 2530 lam
408 2485 483 2528 vero
506 2464 681 2528 nonnullae
705 2463 976 2528 conformationes
1001 2463 1082 2528 mihi
1104 2463 1316 2547 proferendae
1340 2468 1424 2544 sunt,
1448 2486 1529 2549 quas

225 2576 323 2656 poeta
346 2572 387 2636 ab
411 2571 607 2655 agricultura
630 2570 783 2636 ascivisse
807 2570 941 2635 videtur.
982 2570 1106 2635 Arvum
1125 2571 1210 2635 enirn
1230 2566 1291 2655 ἀτη
1311 2571 1420 2656 habet,
1444 2573 1529 2658 quod
1611 2583 1613 2590 ’

226 2683 364 2744 mortem
384 2678 478 2762 quasi
494 2677 636 2743 fructum
654 2677 718 2742 fert
738 2676 825 2761 Sept.
839 2700 868 2742 v.
882 2679 960 2743 601:
984 2672 1064 2766 άτης
1087 2673 1216 2764 άρονρα
1240 2674 1393 2744 θάνατον
1416 2679 1528 2764 ἐκκαρ-

225 2788 357 2864 πίζεται.
403 2781 465 2849 Sed
488 2785 621 2850 dubium
645 2787 703 2868 est,
725 2807 804 2849 num
828 2806 939 2851 versus
962 2785 1017 2850 ille
1042 2808 1062 2849 a
1084 2786 1246 2870 plerisque
1270 2785 1448 2851 editoribus
1472 2791 1529 2852 aut

226 2894 315 2957 uncis
338 2893 482 2957 inclusus
506 2895 562 2957 aut
584 2894 680 2976 plane
704 2894 823 2958 eiectus
847 2891 1010 2975 Aeschylo
1033 2892 1243 2956 vindicandus
1267 2894 1320 2972 sit,
1344 2915 1528 2978 quanquam

228 2997 422 3087 Weilius42),
442 3021 514 3062 eum
546 3000 680 3065 retinuit
713 3022 750 3064 ac
778 2999 928 3064 defendit.
952 2998 1142 3062 -Deinde
1175 3002 1208 3062 et
1233 3000 1345 3084 iugum
1375 3001 1528 3065 iumentis

228 3105 415 3190 impositum
434 3112 466 3170 et
489 3106 639 3170 stimulus
664 3107 704 3170 ad
727 3107 825 3172 boves
849 3105 1033 3170 incitandos
1057 3105 1191 3170 idoneus
1215 3110 1248 3170 et
1270 3107 1346 3192 equi
1364 3111 1397 3171 et
1416 3129 1527 3172 eunus

226 3213 411 3279 vehiculave
434 3212 596 3297 Aeschylo
619 3216 696 3297 apta
720 3213 789 3277 visa
817 3215 905 3293 sunt,
934 3233 1015 3296 quae
1043 3211 1091 3275 ita
1118 3213 1214 3276 rebus
1242 3213 1394 3277 inanimis
1421 3213 1527 3278 notio·

225 3320 383 3405 nibusque
408 3322 525 3386 mentis
549 3320 749 3403 attribueret,
772 3322 809 3383 ut
831 3341 887 3383 eae
906 3321 1063 3402 tanquam
1083 3339 1216 3402 corporo
1234 3320 1377 3384 humano
1396 3320 1527 3384 indutae

224 3432 301 3492 ante
325 3428 435 3492 oculos
456 3430 663 3513 ponerentur.
709 3423 761 3490 Sic
784 3425 901 3491 Persae
930 3424 1095 3490 servitutis
1123 3425 1236 3510 iugum
1260 3425 1415 3490 Graeciae
1438 3425 1528 3491 velut

225 3555 336 3598 servae
350 3533 556 3618 iniungentes
571 3534 800 3616 confinguntur
814 3531 901 3597 Pers.
912 3554 940 3597 v.
950 3533 992 3595 49
1004 3554 1064 3614 sq.:
1080 3533 1213 3598 στεῦται
1228 3528 1260 3596 δ’
1278 3533 1371 3618 ίεροῦ
1385 3529 1528 3618 Τμώλου

224 3637 361 3705 πελάται
386 3636 485 3724 ζυγὸν
509 3636 711 3724 ἀμφιβαλεῖν
739 3635 879 3704 δούλιον
896 3633 1041 3703 Ἑλλάδι.
1087 3637 1135 3704 Cf.
1159 3636 1245 3721 Sept
1269 3662 1298 3702 v.
1323 3640 1379 3723 75,
1402 3662 1430 3704 v.
1451 3641 1528 3723 471,
1615 3625 1618 3634 ’

225 3769 253 3812 v.
278 3748 356 3830 7913
387 3747 448 3832 Ag.
472 3770 502 3813 v.
525 3746 603 3832 9533
632 3745 728 3830 Soph.
753 3745 804 3810 Αἱ.
827 3767 856 3810 v.
879 3746 957 3809 944:
986 3746 1140 3821 δουλείας
1168 3741 1257 3828 ζυγά.
1284 3781 1321 3791 -
1357 3746 1528 3811 Praeterea

225 3854 336 3939 iugum
360 3855 530 3936 imponunt
552 3858 585 3918 et
607 3854 705 3919 robur
723 3852 811 3916 Pers.
825 3875 854 3916 v.
869 3852 948 3916 594:
972 3847 1078 3934 ἐλύθη
1103 3847 1203 3935 ζυγόν
1227 3847 1339 3934 ἀλκᾶς,
1364 3856 1397 3917 et
1418 3875 1526 3918 neces·

225 3961 304 4025 sitas
327 3959 389 4046 Ag.
413 3985 441 4026 v.
464 3962 545 4026 218:
574 3957 642 4025 ἐπεὶ
671 3954 702 4024 δ’
729 3955 876 4041 ἀνάγκας
903 3960 963 4023 ἔδυ
990 3957 1172 4040 λέπαδνον,
1203 3959 1320 4042 quibus
1344 3960 1424 4025 locis
1447 3961 1524 4045 quid

225 4067 430 4146 addamnon
452 4068 566 4133 habeo.
583 4103 620 4114 -
647 4065 817 4148 Stimulos,
845 4087 908 4149 quo
932 4069 1055 4131 veteres
1083 4065 1227 4130 iumenta
1254 4065 1423 4150 impellere
1446 4068 1526 4133 sole·

224 4173 317 4259 bant,
350 4175 389 4238 ad
421 4175 544 4239 rabiem
576 4172 771 4238 transfertur
799 4173 913 4256 fragm.
936 4170 1015 4254 456,
1048 4171 1075 4234 si
1098 4170 1322 4236 Herrnannum
1354 4174 1527 4258 sequimur,

225 4281 276 4344 cui
308 4282 386 4366 quin
414 4281 569 4366 Aeschyli
601 4280 656 4362 sit,
689 4279 743 4344 vix
776 4279 908 4343 dubium
931 4279 1071 4362 videtur,
1103 4299 1176 4343 cum
1208 4279 1294 4365 apud
1321 4280 1525 4346 Dindorfium

225 4388 355 4452 omnino
384 4410 450 4452 non
477 4386 665 4470 reperiatur.
710 4384 818 4449 Verba
844 4386 924 4450 haec
951 4388 1042 4450 sunt:
1076 4379 1182 4460 οὕτως
1213 4385 1368 4452 πέπονθα
1399 4390 1457 4450 καί
1486 4411 1526 4471 με

224 4495 398 4580 συμφοράς
425 4489 478 4559 ἀεὶ
504 4498 636 4559 Balleia
668 4489 761 4575 κηλὶς
792 4491 827 4558 ἐκ
859 4493 979 4574 βυθῶν
1007 4485 1206 4577 ἀναστρέφει
1234 4489 1370 4577 Λόσσης
1396 4505 1527 4578 πικροῖς

223 4600 411 4686 κέντροισιν
434 4596 667 4687 ἠρεθισμένου.
714 4598 764 4665 Of.
785 4599 900 4684 fragm.
923 4599 1000 4666 165:
1026 4599 1170 4683 κέντημα
1193 4596 1371 4687 λόοσηςλῧ).
1397 4637 1437 4648 --
1462 4600 1526 4666 Sti-

224 4709 312 4774 mulo
327 4710 420 4794 quasi
435 4711 570 4800 suscitat
584 4708 777 4793 vituperatio
788 4707 902 4772 Furias
918 4729 1031 4773 somno
1046 4730 1218 4792 oppressas
1229 4708 1323 4774 Eum.
1333 4731 1361 4774 v.
1371 4707 1433 4773 155
1443 4729 1525 4792 sqq:

224 4813 297 4898 ἐμοὶ
321 4810 353 4879 δ’
380 4811 511 4892 ὄνειδος
535 4814 568 4893 ἐξ
591 4809 775 4897 ὀνειράτων
805 4808 911 4898 μολὸν
925 4808 1070 4892 ”Erotes
1099 4816 1196 4880 δίκαν
1225 4810 1435 4900 διφρηλάτου
1457 4819 1526 4882 Με-

223 4925 361 5005 σολαβεῖ
385 4921 509 5011 κέντρῳ
537 4916 615 4986 ‘raro
641 4917 776 5005 φρένας,
799 4913 865 4984 ὑπὸ
894 4905 1007 5002 λοβόν.
1030 4955 1072 4966 —-
1104 4921 1213 4986 Etiam
1245 4942 1341 4986 curru
1373 4925 1406 4986 et
1434 4922 1524 5005 equis
