3610 5542
840 399 1056 464 „28-

297 587 358 648 μος
381 557 413 628 δ’
439 557 521 649 εύδη
540 557 686 643 κλύδων,
711 559 869 646 siquidem
892 561 961 626 eius
980 562 1080 627 verba
1097 563 1182 626 sunt
1198 595 1237 608 ··-
1255 558 1479 626 Audacissimc
1496 560 1606 645 ipsum

296 675 439 754 tempus,
466 668 552 754 quod
579 668 664 734 inter
687 667 911 732 dormiendum
938 668 1199 752 praeterlabitur,
1226 688 1388 734 unacum
1417 667 1605 732 hominibus

298 798 410 841 somno
439 781 569 860 captum
598 775 731 860 fingitur
753 775 815 860 Ag.
839 799 868 840 v.
893 775 971 842 8942
1003 776 1064 840 τού
1088 769 1309 853 ξυνεύδοντος
1339 771 1474 861 χρόνον.
1516 774 1605 851 Quae

297 882 469 947 translatio
503 881 650 966 quamvis
682 881 824 946 insolens
856 883 950 947 nobis
984 882 1111 967 quidem
1142 881 1302 966 rideatur,
1334 882 1468 946 minime
1496 885 1607 946 tamen

297 988 467 1072 Keclrium,
495 988 550 1073 qui
574 1009 647 1054 cum
670 987 845 1054 Karstenio
874 983 1079 1074 ξυνᾴδοντος
1102 989 1244 1074 scripsit,
1273 989 1429 1055 adducere
1459 989 1606 1072 debebat,
1636 1062 1643 1075 ¹

162 1115 165 1122 ·
297 1100 335 1160 ut
357 1095 511 1160 traditam
540 1095 629 1160 illam
654 1096 849 1180 scripturam
871 1118 938 1161 non
962 1096 1058 1161 modo
1083 1097 1123 1162 ab
1147 1095 1304 1181 Aeschyli
1333 1117 1450 1182 genera
1479 1094 1605 1160 dicendi

298 1203 450 1287 alienam,
479 1202 534 1268 sed
557 1203 652 1287 plane
680 1203 809 1266 inanem
833 1223 902 1268 esse
932 1206 1078 1268 censeret
1105 1201 1160 1289 (cf.
1183 1203 1258 1268 edit.
1281 1226 1311 1288 p.
1331 1200 1421 1290 343).
1448 1239 1485 1250 ·-
1511 1202 1603 1268 Mens

298 1307 436 1392 denique
459 1308 511 1372 vel
535 1308 664 1373 animus
686 1311 843 1393 tanquam
866 1309 1033 1374 dormiunt
1055 1309 1143 1374 hisce
1167 1309 1259 1375 locis:
1282 1309 1377 1375 llum.
1400 1333 1430 1374 v.
1447 1309 1523 1374 104:
1551 1303 1606 1373 εύ-

297 1416 404 1480 δουσα
426 1410 492 1499 γὰρ
515 1409 607 1502 φρὴν
630 1409 777 1499 όμμασιν
796 1413 1031 1501 λαμπρύνεται.
1040 1453 1086 1495 ,-
1103 1416 1165 1500 Ag.
1184 1438 1212 1482 v.
1226 1417 1305 1482 275:
1328 1411 1505 1502 βριζούσης
1527 1413 1605 1500 φρέ-

296 1549 363 1601 νος.
391 1560 427 1572 -
456 1521 544 1608 Sept.
573 1501 606 1588 'vi
626 1523 705 1588 287:
737 1519 833 1612 φόβῳ
857 1519 889 1588 δ’
916 1519 977 1607 οὐχ
1005 1517 1175 1589 ύπνοόσσει
1202 1521 1290 1606 κέαρ.
1317 1559 1354 1570 -·
1383 1521 1605 1601 Calamitates,

296 1654 376 1716 quas
399 1631 530 1696 Troiani
559 1629 656 1696 occisi
679 1630 874 1714 acceperint,
902 1653 942 1696 ne
966 1653 982 1696 e
1007 1651 1122 1696 somno
1152 1631 1243 1713 quasi
1272 1629 1448 1694 suscitatae
1472 1627 1604 1693 Graecis

297 1738 385 1802 mala
415 1737 553 1802 afferant
583 1734 842 1820 Clytaemnestra
874 1737 990 1802 metuit
1021 1737 1083 1822 Ag.
1113 1759 1143 1803 v.
1166 1737 1231 1802 346
1256 1757 1315 1820 sq.:
1353 1730 1536 1820 ἐγρηγορὸς
1567 1729 1605 1800 τὸ

295 1845 387 1928 πῆμα
419 1845 487 1908 τῶν
519 1837 697 1909 ὀλωλότων
751 1838 880 1909 Γέυοιτ’
915 1838 959 1909 ἀν
979 1895 985 1910 .
1007 1894 1039 1909 ..
1069 1881 1110 1890 -
1140 1843 1340 1909 Praesidium
1369 1863 1496 1926 semper
1524 1841 1605 1924 vigil

296 1949 549 2015 Atheniensibus
577 1950 786 2034 Areopagum
814 1949 896 2034 fore,
928 1949 1209 2036 religiosissimum
1237 1950 1318 2016 illud
1346 1949 1513 2034 iudicium,
1543 1947 1605 2013 Mi-

298 2079 398 2121 nerva
423 2056 501 2121 dicit
519 2056 621 2121 hisce:
644 2047 814 2120 εὑδόντων
837 2051 923 2142 ύπερ
939 2051 1141 2142 Ἐγρηγορὸς
1164 2052 1345 2143 φρούρημα
1368 2057 1428 2142 γῆς
1446 2058 1605 2122 καθίστα-

296 2188 354 2248 μαι
383 2162 491 2250 (Eum.
522 2186 550 2229 v.
574 2163 639 2229 684
659 2157 730 2250 sq.).
785 2160 914 2228 Scilicet
941 2162 1160 2249 Areopagitae
1188 2163 1398 2248 intellegendi
1427 2167 1517 2248 sunt,
1550 2163 1605 2248 qui

296 2272 426 2337 caedem
444 2265 671 2356 p'ersequentes
692 2270 809 2334 civium
834 2271 934 2335 saluti
957 2271 1226 2336 consulerent-
1241 2267 1442 2354 Metonymia
1465 2269 1606 2336 cernitur

296 2379 462 2464 praeclara
488 2378 547 2443 illa
574 2398 701 2462 quoque
730 2377 959 2460 translatione,
989 2399 1067 2462 qua,
1098 2376 1241 2461 quaeda
1270 2377 1456 2441 custodibus
1479 2377 1515 2441 in
1536 2377 1604 2442 Ma-

296 2486 378 2550 cisto
408 2489 517 2550 monte
546 2483 711 2550 collocatis
734 2484 863 2569 proprie
891 2486 1013 2568 valent,
1047 2484 1088 2548 ad
1110 2485 1216 2566 ipsum
1245 2487 1388 2548 montem
1416 2485 1605 2549 transducta

297 2595 380 2657 sunt.
417 2591 524 2677 Atque
544 2591 677 2656 minime
702 2611 814 2655 somno
838 2613 1012 2675 oppressus
1031 2590 1163 2655 Troiam
1186 2611 1256 2654 esse
1281 2594 1411 2673 captam
1430 2613 1524 2656 mons
1547 2591 1601 2655 ille

296 2700 486 2784 pronuntiat
513 2698 575 2783 Ag.
602 2719 631 2763 v.
655 2697 721 2761 290
740 2719 799 2781 sq.:
832 2691 850 2762 ό
881 2693 919 2762 δὲ
948 2694 1005 2784 (sc.
1029 2693 1215 2783 Μάκιστος)
1245 2691 1318 2761 ούτι
1346 2694 1491 2781 μέλλων,
1525 2691 1600 2763 οὐδ’

296 2799 522 2890 ἀφρασμόνως
549 2799 643 2892 ὕπνῳ
673 2800 869 2888 Νικωμενος
900 2805 1048 2889 παρῆκεν
1081 2799 1225 2888 ἀγγέλου
1258 2801 1364 2889 μέρος.
1419 2801 1466 2868 Of.
1497 2827 1526 2887 p.
1550 2806 1602 2869 47.

297 2911 433 2988 -Qua
460 2912 601 2998 imagine
629 2912 694 2976 iam
725 2911 765 2975 ad
793 2933 847 2975 eas
876 2911 1147 2975 conformationes
1176 2911 1299 2994 delapsi
1328 2932 1453 2995 sumus,
1485 2910 1601 2995 quibus

296 3041 348 3084 res
376 3019 539 3084 inanimae
568 3019 661 3104 quasi
677 3004 794 3083 ¹somni
822 3023 969 3102 expertes
1000 3017 1102 3083 oculis
1130 3017 1251 3081 nostris
1280 3020 1513 3101 proponuntur.
1552 3017 1603 3082 Sic

297 3125 384 3191 Iovis
411 3126 534 3190 fulmen
561 3126 708 3190 insomne
736 3125 845 3189 vocari
873 3124 999 3188 videtur
1031 3147 1088 3208 per
1115 3123 1348 3206 metonymiam
1378 3125 1535 3190 traductis
1563 3125 1603 3189 ad

296 3233 545 3298 instrumentum
568 3231 622 3315 iis,
645 3252 726 3315 quae
751 3231 831 3314 eius,
859 3231 914 3316 qui
938 3230 1052 3314 utitur,
1079 3231 1211 3313 propria
1234 3234 1322 3312 sunt,
1350 3230 1457 3296 Prom.
1481 3254 1508 3296 v.
1524 3232 1602 3296 358:

297 3334 407 3423 Ζηνός
430 3333 604 3424 ἄγρυπνον
622 3335 727 3420 βέλος.
743 3374 784 3383 -
800 3337 919 3402 Oceani
941 3358 1042 3420 porro
1061 3336 1186 3419 fluctus,
1210 3358 1282 3400 cum
1306 3358 1432 3420 semper
1452 3359 1603 3402 moroan·
1665 3401 1667 3409 ,

296 3449 358 3526 tur,
381 3469 545 3530 nunquam
570 3433 739 3529 quiescunt
762 3445 869 3509 Prom.
893 3467 921 3509 v.
947 3443 1023 3509 139:
1056 3438 1224 3532 ἀκοιμήτῳ
1250 3439 1398 3527 ῥεύματι.
1419 3444 1603 3510 —Eadem

297 3554 435 3638 denique
464 3553 589 3617 ratione
620 3550 775 3635 explicari
801 3553 911 3634 potest
935 3549 1021 3634 Sept.
1050 3573 1078 3616 v.
1102 3549 1167 3614 205
1187 3572 1267 3634 sqq.:
1306 3545 1361 3614 ὅτε
1388 3573 1422 3615 τε
1448 3548 1603 3637 σύριγγες

295 3659 460 3743 ἔκλαγξαν
489 3658 666 3743 ἑλίτροχοι,
695 3653 852 3722 Ἱππικῶν
884 3652 913 3721 τ’
944 3652 1127 3742 ἀγρύπνων
1161 3655 1215 3742 (cx
1242 3655 1375 3722 Seidleri
1404 3657 1603 3746 coniectura)

295 3767 469 3849 πηδαλίων
501 3767 558 3829 δία
586 3762 705 3848 στόμια
737 3765 955 3849 πυριγενετᾶν
988 3765 1144 3848 χαλινῶν.
1190 3763 1279 3834 Haec
1309 3764 1396 3829 enim
1423 3765 1603 3831 Hermanni

297 3874 468 3957 scriptura,
497 3895 570 3936 cum
594 3867 732 3938 ciriacae
757 3873 838 3936 falso
862 3872 1018 3936 traditum
1047 3893 1117 3935 esse
1145 3875 1285 3936 metrum
1313 3871 1425 3936 docere
1448 3873 1604 3957 videatur,

297 3979 436 4043 maxime
462 3979 541 4043 mihi
564 3979 678 4063 placet,
701 4002 778 4044 nam
802 3981 834 4042 et
857 3979 897 4042 ad
920 4000 967 4062 aa,
991 3999 1073 4062 quae
1095 3978 1215 4042 hadita
1239 3982 1324 4060 sunt,
1347 3980 1492 4061 proxime
1516 4003 1604 4045 acce·

296 4084 344 4149 dit
372 4089 405 4148 et
431 4086 471 4149 ad
500 4108 635 4170 sequens
662 4086 744 4150 illud
771 4087 989 4171 πυριγενετᾶν
1019 4085 1128 4171 (Dind.
1155 4086 1399 4169 πυριβρεμετᾶν
1428 4087 1465 4152 cf.
1496 4111 1526 4171 p.
1545 4087 1602 4173 24)

298 4192 418 4275 optime
443 4193 589 4277 quadrat.
632 4193 848 4258 Pulcherrima
878 4193 962 4258 enim
992 4193 1037 4257 sic
1061 4192 1214 4277 imaginis
1242 4192 1290 4256 vis
1315 4214 1414 4276 usque
1443 4195 1604 4258 adfinem

297 4300 399 4382 riget,
427 4321 565 4383 namque
588 4299 673 4364 freni
698 4323 735 4364 ex
759 4302 835 4385 igne
859 4300 951 4385 quasi
974 4300 1044 4363 nati
1068 4298 1147 4364 adeo
1171 4302 1355 4383 moventur,
1379 4304 1415 4363 ut
1437 4322 1602 4384 nunquam,

297 4428 411 4470 somno
436 4428 469 4469 se
493 4407 647 4488 praebere
670 4408 806 4490 possint.
848 4407 960 4472 Utitur
983 4410 1090 4470 autem
1114 4409 1210 4490 poeta
1233 4406 1294 4470 hac
1317 4405 1542 4489 translatione,
1566 4408 1602 4469 ut

296 4514 462 4598 ingentem
482 4512 575 4576 illum
589 4513 729 4577 illustret
749 4513 1025 4604 strepitumequis
1041 4513 1251 4596 curribusque
1271 4513 1393 4576 editum
1412 4507 1464 4597 (of.
1480 4509 1603 4598 schol).

297 4619 418 4686 Contra
450 4619 609 4685 Dindorfii
641 4621 813 4704 scriptura,
847 4621 902 4705 qui
932 4619 1176 4685 Lachmannum
1210 4622 1339 4684 secutus
1372 4641 1430 4702 pro
1463 4614 1630 4686 ἀύπνων·

297 4722 452 4810 ,,ἀπυον“
475 4726 617 4811 praebet,
640 4727 697 4792 illa
720 4728 849 4812 quidem
872 4727 1062 4811 metaphora
1084 4729 1179 4811 plane
1203 4725 1418 4791 confunditur.

385 4833 456 4898 lam
488 4836 616 4897 restant
646 4835 890 4919 translationes,
923 4855 1002 4918 quas
1036 4834 1217 4917 Aeschylus
1250 4833 1271 4896 e'
1295 4831 1437 4916 corporis
1470 4833 1602 4898 humani

296 4940 385 5004 vitiis
406 4944 438 5005 et
457 4939 677 5006 debilitatibus
692 4941 816 5006 libavit.
849 4941 920 5006 Huc
941 4941 1026 5005 enim
1045 4942 1186 5024 pertinet
1199 4941 1393 5022 pervenusta
1412 4939 1470 5004 illa
1484 4939 1602 5024 imago,
