3610 5542
785 404 1005 467 -49-

249 588 309 649 que
333 588 352 630 a
376 565 523 630 sensibus
548 567 714 629 sevocatae
737 565 837 629 verbo
860 564 1103 649 peleto,eiusve
1127 561 1313 645 compositis
1336 560 1549 624 illustrantur.

249 669 402 736 Sufficere
425 671 505 736 mihi
523 671 649 736 videtur
672 670 758 734 nuda
781 671 924 754 proferre
944 670 1102 754 exempla:
1126 666 1237 752 Suppl.
1250 690 1279 731 v.
1295 667 1358 732 769
1375 662 1434 751 sq:
1459 670 1552 749 φιλεῖ

246 772 364 843 Ὠδῖνα
386 781 508 844 τίκτειν
531 773 593 855 νὺξ
615 773 800 863 κυβερνήτῃ
825 773 989 867 coppim).
1015 813 1052 823 -
1080 775 1141 858 Ag.
1160 799 1188 840 v.
1209 774 1272 839 763
1291 796 1375 860 sqq:
1399 778 1492 857 φιλεῖ
1513 768 1551 837 δὲ
1656 803 1662 818 ·

249 887 370 950 τίκτειν
388 880 486 971 ὕβρις
503 889 570 949 κτλ.
589 882 642 971 (ef.
657 888 676 965 ξ
692 886 721 969 3,
739 907 770 967 p.
784 882 849 971 24).
862 922 900 930 —
917 881 1004 966 Sept.
1017 905 1047 947 v.
1061 882 1119 946 45:
1142 884 1345 965 φιλαίματον
1366 876 1553 964 Φόβονῑθῑ).

252 1028 290 1040 -
316 992 402 1058 Pers.
425 1016 455 1058 v.
472 993 547 1057 136:
570 987 669 1080 κόθφ
693 987 861 1074 φιλάνορι.
898 989 946 1056 Of.
966 989 1026 1074 Ag.
1045 1014 1074 1055 v.
1088 991 1163 1073 411,
1186 1013 1214 1054 v.
1229 988 1308 1072 8563
1331 987 1437 1053 Prom.
1456 1009 1484 1052 v.
1502 989 1554 1066 11,

251 1121 279 1164 v.
295 1100 346 1164 28.
373 1137 410 1146 —
437 1096 523 1183 Sept.
547 1122 575 1163 v.
593 1097 668 1162 179:
693 1092 891 1180 φιλοθύτων
915 1090 1050 1178 ὀργίων.
1076 1133 1114 1141 -
1140 1093 1283 1179 Ohoeph.
1306 1118 1335 1160 v.
1355 1096 1434 1160 292:
1458 1098 1552 1180 φιλο-

251 1200 402 1270 σπόνδου
425 1202 526 1289 λιβός.
552 1242 589 1250 -
616 1201 725 1287 Suppl.
741 1226 770 1267 v.
785 1203 861 1267 697:
886 1198 981 1286 φάμα
1004 1197 1239 1286 φιλοφόρμιγξ.
1266 1238 1302 1250 -
1329 1199 1417 1284 Sept.
1430 1225 1460 1268 r.
1477 1201 1553 1266 127:

251 1309 441 1397 φιλόμαχον
454 1307 583 1397 κρότος.
596 1345 641 1357 -
655 1309 748 1374 Eum.
762 1332 792 1374 v.
803 1309 880 1374 985:
895 1310 1084 1394 κοινοφιλεῖ
1096 1310 1240 1396 διανοίᾳ.
1254 1345 1291 1354 -
1310 1305 1422 1392 Suppl
1436 1333 1465 1373 v.
1475 1308 1554 1374 803:

252 1415 459 1502 φιλαιάκτων
466 1415 518 1504 ¹⁰²)
536 1419 657 1482 κακῶν.
676 1455 711 1464 -
730 1414 906 1500 Sept918:
924 1411 1004 1500 γόος
1022 1468 1030 1483 .
1045 1466 1073 1482 ..
1093 1410 1280 1500 δαϊόφρων,
1295 1408 1336 1479 οὐ
1355 1410 1557 1498 φιλογαθής.

341 1526 455 1591 Adicio
479 1525 761 1606 conformationes,
784 1523 900 1606 quibus
919 1523 1162 1588 benevolentiae
1180 1523 1272 1586 notio
1291 1523 1448 1586 translate
1467 1539 1556 1586 usur·

254 1638 333 1718 pata
356 1638 414 1696 est.
462 1631 580 1695 Lucem
604 1630 672 1694 eius
697 1630 775 1712 diei,
798 1652 861 1714 quo
886 1629 1113 1714 Agamemnon
1136 1629 1260 1693 occisus
1284 1632 1348 1713 est,
1376 1627 1555 1712 Aegisthus

254 1740 395 1824 appellat
431 1739 493 1803 sibi
531 1738 719 1802 benevolam
757 1759 856 1821 eaque
895 1737 934 1801 de
966 1759 1063 1802 causa
1096 1739 1224 1820 gratam
1256 1735 1370 1821 Agr.
1397 1736 1496 1801 1577:
1529 1725 1555 1800 oi

154 1911 157 1918 ,
254 1845 376 1930 φέγγος
399 1835 529 1929 εὖφρον
551 1839 674 1929 ἡμέρας
693 1840 891 1928 δικηφόρον.
910 1881 954 1890 ·-
972 1843 1103 1908 Nullam
1123 1844 1185 1908 sibi
1203 1847 1324 1908 terram
1343 1842 1443 1928 Argis
1461 1844 1556 1908 bene·

254 1953 467 2018 volentiorem
500 1973 570 2015 esse
602 1951 708 2015 Danai
741 1951 825 2015 filiae
858 1951 949 2015 aiunt
978 1947 1087 2034 Suppl.
1110 1973 1138 2013 v.
1162 1951 1206 2014 20
1230 1972 1290 2035 sq:
1322 1943 1394 2034 τίν’Ι
1417 1942 1461 2014 ἄν
1494 1939 1557 2015 οὖν

254 2055 368 2144 χώραν
398 2053 549 2143 εὔφρονα
577 2059 707 2140 μᾶλλον
737 2052 839 2140 Τῆσδ
870 2051 1083 2140 ἀφικοίμεθα.
1109 2093 1147 2102 -
1174 2055 1329 2122 Similiter
1353 2055 1438 2140 Sept.
1457 2057 1557 2121 v.17:

254 2162 388 2250 εὐμενεῖ
417 2163 515 2252 πίδφ.
562 2163 671 2247 Suppl.
694 2186 722 2228 v.
746 2165 824 2227 972:
855 2159 957 2239 τόπος
988 2157 1133 2247 εὔφρων.
1165 2200 1202 2209 -
1238 2162 1410 2248 Sperchios
1442 2163 1557 2227 fluvius

255 2295 386 2356 campos
409 2271 524 2355 irrigat
547 2270 698 2333 fluctibus
723 2270 814 2353 quasi
838 2269 1000 2355 benignis,
1029 2271 1147 2355 quippe
1172 2271 1288 2354 quibus
1311 2271 1465 2335 fecundos
1489 2270 1558 2334 red·

256 2380 312 2444 dat
330 2379 417 2443 Pers.
433 2401 461 2442 v.
475 2379 555 2443 487:
579 2370 761 2458 Σπερχειὸς
784 2369 878 2460 ἄρδει
902 2377 1019 2440 πεδίον
1038 2372 1171 2459 εὐμενεῖ
1189 2378 1288 2465 ποτῷ.
1306 2415 1350 2423 —-
1369 2375 1465 2441 Haud
1483 2399 1558 2441 raro

256 2490 382 2550 noctem
406 2506 464 2568 per
487 2478 710 2567 εὐφημισμόν,
734 2504 828 2566 quem
852 2486 970 2547 vocant
993 2484 1210 2568 grammatici,
1233 2489 1266 2548 ct
1290 2485 1345 2550 alii
1369 2487 1483 2568 poetae
1506 2478 1559 2547 εὐ-

257 2589 390 2676 φρόνην
428 2591 594 2675 appellant
631 2593 664 2653 et
700 2589 881 2673 Aeschylus
914 2588 1020 2653 Prom.
1045 2613 1073 2654 v.
1098 2589 1176 2675 6553
1209 2576 1295 2655 Pera.
1317 2614 1347 2656 v.
1374 2591 1449 2674 180,
1488 2589 1560 2654 aliis

256 2699 344 2782 locis,
368 2698 443 2782 quia
465 2697 609 2762 tenebris
639 2695 805 2760 nocturnis
833 2695 986 2760 horribile
1011 2696 1172 2780 quoddam
1201 2718 1237 2760 ao
1265 2696 1426 2760 funestum
1454 2696 1560 2760 inesse

257 2809 380 2871 veteres
411 2805 594 2870 credebant.
622 2842 666 2850 —
694 2803 899 2868 Pervcnustis
929 2802 1114 2867 huiusmodi
1144 2803 1412 2868 translationibus
1443 2804 1560 2868 mentis

258 2934 385 2996 quoque
408 2912 560 2976 notiones
579 2912 785 2976 extolluntur.
826 2908 993 2972 Praeclare
1011 2912 1108 2991 poeta
1127 2908 1288 2995 describit,
1307 2912 1468 2995 quomodo
1480 2905 1560 2993 ’Ἆτη

257 3018 378 3082 blanda
400 3019 553 3083 comitate
577 3018 725 3082 homines
748 3017 782 3080 in
806 3015 888 3080 retia
912 3039 969 3080 sua
992 3015 1106 3079 illiciat
1129 3015 1215 3080 Pers.
1238 3037 1266 3080 v.
1290 3017 1349 3080 97:
1381 3012 1561 3102 φιλόφρων

258 3120 321 3208 γὰρ
345 3127 543 3210 παρασαίνει
567 3120 691 3207 βροτὸν
715 3124 762 3200 είς
784 3117 909 3208 ἄρκυας
923 3117 1004 3186 ’Ἇτα
1029 3119 1081 3207 (cf.
1095 3125 1116 3203 ξ
1131 3123 1160 3206 7,
1180 3145 1211 3206 p.
1225 3123 1292 3208 43).
1313 3159 1353 3170 -
1379 3121 1559 3188 Benevolus

258 3231 352 3295 labor
380 3235 430 3295 est
456 3232 510 3315 iis,
539 3232 594 3314 qui
622 3231 704 3294 bene
732 3251 804 3294 eum
827 3229 1020 3313 perfecerint
1047 3227 1109 3314 Ag.
1132 3253 1161 3294 v.
1185 3231 1262 3295 806:
1295 3225 1431 3314 εὔφρων
1459 3226 1563 3307 πόνος

259 3328 297 3403 εὖ
324 3338 483 3404 τελέσασι.
530 3338 600 3414 Qua
623 3337 739 3403 Hensii
762 3337 1030 3420 interpretatione
1058 3334 1136 3420 (1.1.
1161 3359 1188 3401 a.
1215 3339 1299 3402 1874
1323 3337 1370 3403 ed.
1393 3361 1423 3422 p.
1447 3334 1498 3423 5),
1525 3341 1563 3401 ut

259 3445 406 3529 equidem
429 3467 555 3528 censeo,
578 3445 659 3508 haec
682 3445 780 3508 verba
804 3443 925 3526 optime
949 3443 1122 3526 explanata
1146 3447 1234 3527 sunt,
1263 3467 1334 3510 oum
1353 3443 1561 3509 Hermannus

258 3551 446 3616 Dindorfius
467 3550 730 3616 Schneidewinus
756 3549 948 3614 sententiam
972 3553 1156 3632 spectantes
1180 3572 1292 3615 vocem
1312 3546 1450 3637 εὔφρων
1472 3571 1563 3635 „gra-

259 3665 320 3738 tus,
344 3657 515 3742 acceptus“
537 3660 707 3740 exponant,
730 3655 870 3720 Weilius
890 3678 964 3721 vero
989 3660 1022 3720 et
1039 3655 1181 3722 Keokius
1206 3658 1284 3722 adeo
1304 3659 1338 3722 in
1356 3658 1488 3743 vulgata
1506 3658 1564 3722 illa

261 3766 419 3849 scriptura
442 3764 648 3846 haesitarint,
676 3765 712 3825 ut
734 3761 786 3825 hic
810 3756 970 3844 ,,όντως“,
994 3762 1048 3826 ille
1072 3761 1204 3847 Engero
1231 3767 1391 3848 probante
1415 3761 1564 3849 ,,πνόος“

260 3895 319 3956 pro
349 3867 496 3955 ,,πόνος“
525 3871 621 3934 scribi
649 3869 749 3934 malit
796 3870 948 3933 Attamen
971 3891 1097 3953 vereor,
1124 3892 1166 3934 ne
1193 3871 1331 3937 imbrem
1360 3873 1394 3937 in
1421 3873 1563 3938 cribrum

261 3979 457 4063 ingesserint
479 3976 540 4042 viri
563 3977 662 4058 docti,
689 3979 801 4058 utpote
830 3997 902 4039 eum
925 3975 1046 4039 tradita
1070 3977 1167 4040 verba
1194 3978 1276 4043 bene
1299 3980 1446 4064 intellegi
1468 4002 1564 4064 posse

263 4085 438 4149 videantur.
461 4122 505 4131 -
529 4081 634 4148 Simili
666 4082 761 4146 modo
792 4082 1004 4165 expediuntur
1035 4082 1070 4147 hi
1098 4084 1162 4148 loci
1190 4085 1362 4150 admodum
1391 4088 1564 4151 attenuati:

263 4190 373 4276 Suppl.
388 4215 415 4256 v.
431 4192 505 4270 640,
526 4214 554 4255 v.
570 4189 665 4272 1035,
687 4212 716 4253 v.
734 4189 832 4272 10673
856 4186 941 4272 Sept.
955 4212 985 4254 v.
1000 4191 1079 4274 2683
1097 4189 1160 4276 Ag.
1174 4214 1202 4256 v.
1219 4192 1297 4276 7973
1316 4193 1410 4260 Eum.
1425 4218 1453 4260 v.
1471 4195 1566 4278 1030,

263 4320 290 4361 v.
311 4297 404 4362 1034.
462 4347 464 4354 .

242 4435 246 4442 ·
350 4403 461 4468 Etiam
488 4402 675 4468 inimicitias
698 4403 749 4466 vel
777 4402 863 4466 inter
892 4425 925 4467 se
948 4403 999 4468 vel
1028 4426 1100 4468 cum
1123 4404 1308 4488 hominibus
1333 4407 1425 4490 quasi
1448 4412 1567 4492 gerunt

122 4573 127 4584 ,
263 4533 309 4597 ea,
333 4533 414 4596 quae
439 4511 586 4576 sensibus
611 4513 741 4593 carent,
770 4509 843 4576 odio
871 4513 1035 4594 tenentur,
1065 4511 1231 4576 iracundia
1262 4512 1384 4579 ardent.
1429 4513 1567 4579 Inimica

262 4622 395 4684 vocatur
428 4621 517 4682 terra
547 4617 689 4682 Troiana
724 4615 856 4681 Graecis
892 4617 1006 4683 occisis
1041 4618 1148 4704 ibique
1184 4620 1318 4703 sepultis
1352 4620 1412 4705 Ag.
1435 4642 1463 4686 v.
1487 4621 1566 4686 455:

263 4719 368 4810 ἐχθρὰ
392 4721 448 4811 (so.
463 4721 521 4810 γῆ)
545 4719 576 4788 δ’
603 4725 740 4808 ἔχοντας
763 4725 916 4810 ἔκρυψεν,
940 4725 1025 4810 quod
1047 4748 1114 4791 non
1137 4727 1206 4791 sine
1230 4727 1405 4792 acerbitate
1429 4727 1567 4812 quadam

264 4833 384 4898 dictum
407 4835 465 4896 est.
484 4869 528 4877 -
547 4829 762 4896 Gravissimas
786 4831 871 4896 inter
894 4855 927 4896 se
947 4833 1129 4898 simultates
1149 4837 1299 4899 exercent
1320 4834 1405 4919 ignis
1430 4838 1463 4898 et
1485 4857 1569 4920 aqua

264 4938 325 5024 Ag.
348 4960 377 5004 v.
400 4937 479 5003 650:
504 4933 598 5014 όντες
620 4939 770 5022 ἔχθιστοι
794 4988 801 5003 .
824 4990 831 5004 .
855 4988 862 5003 .
886 4939 953 5024 πῦρ
976 4936 1032 5004 καὶ
1054 4936 1211 5006 θάλασσα
1234 4939 1288 5026 (cf.
1311 4941 1376 5026 ἕῦ,
1398 4965 1428 5026 p.
1443 4937 1510 5028 35).
1526 4977 1567 4989 ·-

1339 5053 1355 5100 4
