<?xml version="1.0" encoding="UTF-8"?>
<!DOCTYPE html PUBLIC "-//W3C//DTD XHTML 1.0 Transitional//EN"
    "http://www.w3.org/TR/xhtml1/DTD/xhtml1-transitional.dtd">
<html xmlns="http://www.w3.org/1999/xhtml" xml:lang="en" lang="en">
 <head>
  <title>
</title>
<meta http-equiv="Content-Type" content="text/html;charset=utf-8" />
  <meta name='ocr-system' content='tesseract 3.04.00' />
  <meta name='ocr-capabilities' content='ocr_page ocr_carea ocr_par ocr_line ocrx_word'/>
</head>
<body>
  <div class='ocr_page' id='page_1' title='image "./deconformationu00rittgoog_0060.png"; bbox 0 0 3610 5542; ppageno 0'>
   <div class='ocr_carea' id='block_1_1' title="bbox 783 330 997 395">
    <p class='ocr_par' dir='ltr' id='par_1_1' title="bbox 783 330 997 395">
     <span class='ocr_line' id='line_1_1' title="bbox 783 330 997 395; baseline -0.009 -17"><span class='ocrx_word' id='word_1_1' title='bbox 783 330 997 395; x_wconf 72' lang='lat'>,55-</span> 
     </span>
    </p>
   </div>
   <div class='ocr_carea' id='block_1_2' title="bbox 225 489 1543 4960">
    <p class='ocr_par' dir='ltr' id='par_1_2' title="bbox 236 489 1543 1535">
     <span class='ocr_line' id='line_1_2' title="bbox 239 489 1543 576; baseline -0.002 -20"><span class='ocrx_word' id='word_1_2' title='bbox 239 489 313 557; x_wconf 81' lang='grc' dir='ltr'><em>θέν.</em></span> <span class='ocrx_word' id='word_1_3' title='bbox 341 531 381 540; x_wconf 87' lang='grc'><strong>-</strong></span> <span class='ocrx_word' id='word_1_4' title='bbox 411 493 571 558; x_wconf 76' lang='lat' dir='ltr'><strong>Exsoluta</strong></span> <span class='ocrx_word' id='word_1_5' title='bbox 603 491 728 557; x_wconf 88' lang='lat' dir='ltr'><strong>videtur</strong></span> <span class='ocrx_word' id='word_1_6' title='bbox 759 491 858 556; x_wconf 90' lang='lat' dir='ltr'><strong>frenis</strong></span> <span class='ocrx_word' id='word_1_7' title='bbox 893 492 941 557; x_wconf 87' lang='lat' dir='ltr'><strong>vel</strong></span> <span class='ocrx_word' id='word_1_8' title='bbox 975 490 1109 555; x_wconf 83' lang='lat' dir='ltr'><strong>vinculis</strong></span> <span class='ocrx_word' id='word_1_9' title='bbox 1141 489 1397 576; x_wconf 81' lang='lat' dir='ltr'><strong>Agamemnonis</strong></span> <span class='ocrx_word' id='word_1_10' title='bbox 1429 489 1543 554; x_wconf 87' lang='lat' dir='ltr'><strong>domus</strong></span> 
     </span>
     <span class='ocr_line' id='line_1_3' title="bbox 240 591 1543 684; baseline -0.004 -20"><span class='ocrx_word' id='word_1_11' title='bbox 240 598 401 684; x_wconf 87' lang='lat' dir='ltr'><strong>Aegistho</strong></span> <span class='ocrx_word' id='word_1_12' title='bbox 426 604 458 664; x_wconf 91' lang='lat' dir='ltr'><strong>et</strong></span> <span class='ocrx_word' id='word_1_13' title='bbox 477 597 734 683; x_wconf 71' lang='lat' dir='ltr'><strong>Clytaemnestra</strong></span> <span class='ocrx_word' id='word_1_14' title='bbox 753 600 954 682; x_wconf 73' lang='lat' dir='ltr'>interemptis</span> <span class='ocrx_word' id='word_1_15' title='bbox 974 597 1118 680; x_wconf 78' lang='lat' dir='ltr'><strong>Choeph.</strong></span> <span class='ocrx_word' id='word_1_16' title='bbox 1142 620 1171 664; x_wconf 83' lang='lat' dir='ltr'><strong>v.</strong></span> <span class='ocrx_word' id='word_1_17' title='bbox 1185 597 1264 661; x_wconf 82' lang='lat'>962:</span> <span class='ocrx_word' id='word_1_18' title='bbox 1294 599 1377 678; x_wconf 83' lang='grc' dir='ltr'><em>μέγα</em></span> <span class='ocrx_word' id='word_1_19' title='bbox 1401 592 1433 659; x_wconf 92' lang='grc' dir='ltr'><strong>δ’</strong></span> <span class='ocrx_word' id='word_1_20' title='bbox 1459 591 1543 682; x_wconf 88' lang='grc' dir='ltr'><em>ιἰφη-</em></span> 
     </span>
     <span class='ocr_line' id='line_1_4' title="bbox 241 701 1540 793; baseline -0.005 -22"><span class='ocrx_word' id='word_1_21' title='bbox 241 705 325 793; x_wconf 79' lang='grc' dir='ltr'><em>ρέθη</em></span> <span class='ocrx_word' id='word_1_22' title='bbox 341 703 464 786; x_wconf 79' lang='grc' dir='ltr'><em>φίλιον</em></span> <span class='ocrx_word' id='word_1_23' title='bbox 479 704 667 792; x_wconf 62' lang='grc' dir='ltr'><em>οίκίανΗθ),</em></span> <span class='ocrx_word' id='word_1_24' title='bbox 683 707 840 791; x_wconf 86' lang='lat' dir='ltr'><strong>siquidem</strong></span> <span class='ocrx_word' id='word_1_25' title='bbox 855 705 992 769; x_wconf 86' lang='lat' dir='ltr'><strong>Weilius</strong></span> <span class='ocrx_word' id='word_1_26' title='bbox 1007 727 1115 769; x_wconf 88' lang='lat' dir='ltr'><strong>veram</strong></span> <span class='ocrx_word' id='word_1_27' title='bbox 1132 705 1324 788; x_wconf 78' lang='lat' dir='ltr'><strong>scripturam</strong></span> <span class='ocrx_word' id='word_1_28' title='bbox 1338 701 1489 767; x_wconf 86' lang='lat' dir='ltr'><strong>restituit.</strong></span> <span class='ocrx_word' id='word_1_29' title='bbox 1503 739 1540 749; x_wconf 92' lang='lat'><em>-</em></span> 
     </span>
     <span class='ocr_line' id='line_1_5' title="bbox 240 809 1542 898; baseline -0.002 -21"><span class='ocrx_word' id='word_1_30' title='bbox 240 812 418 878; x_wconf 81' lang='lat' dir='ltr'><strong>Coniuncta</strong></span> <span class='ocrx_word' id='word_1_31' title='bbox 441 817 598 878; x_wconf 84' lang='lat' dir='ltr'><strong>vocantur</strong></span> <span class='ocrx_word' id='word_1_32' title='bbox 617 814 753 898; x_wconf 84' lang='lat' dir='ltr'><strong>vincula,</strong></span> <span class='ocrx_word' id='word_1_33' title='bbox 775 813 809 876; x_wconf 92' lang='lat' dir='ltr'><strong>in</strong></span> <span class='ocrx_word' id='word_1_34' title='bbox 834 814 949 897; x_wconf 87' lang='lat' dir='ltr'><strong>quibus</strong></span> <span class='ocrx_word' id='word_1_35' title='bbox 970 812 1225 897; x_wconf 82' lang='lat' dir='ltr'><strong>Agamemnonis</strong></span> <span class='ocrx_word' id='word_1_36' title='bbox 1248 831 1363 874; x_wconf 89' lang='lat' dir='ltr'><strong>manus</strong></span> <span class='ocrx_word' id='word_1_37' title='bbox 1382 809 1542 894; x_wconf 88' lang='lat' dir='ltr'><strong>pedesque</strong></span> 
     </span>
     <span class='ocr_line' id='line_1_6' title="bbox 238 914 1542 1005; baseline -0.002 -23"><span class='ocrx_word' id='word_1_38' title='bbox 238 921 403 1003; x_wconf 84' lang='lat' dir='ltr'><strong>implicata</strong></span> <span class='ocrx_word' id='word_1_39' title='bbox 431 924 507 984; x_wconf 91' lang='lat' dir='ltr'><strong>sunt</strong></span> <span class='ocrx_word' id='word_1_40' title='bbox 534 919 677 1005; x_wconf 84' lang='lat' dir='ltr'><strong>Choeph.</strong></span> <span class='ocrx_word' id='word_1_41' title='bbox 706 943 734 984; x_wconf 87' lang='lat' dir='ltr'><strong>v.</strong></span> <span class='ocrx_word' id='word_1_42' title='bbox 754 921 831 985; x_wconf 80' lang='lat'><strong>982:</strong></span> <span class='ocrx_word' id='word_1_43' title='bbox 864 918 964 996; x_wconf 80' lang='grc' dir='ltr'><strong><em>πέδας</em></strong></span> <span class='ocrx_word' id='word_1_44' title='bbox 991 941 1025 982; x_wconf 87' lang='grc' dir='ltr'><em>τε</em></span> <span class='ocrx_word' id='word_1_45' title='bbox 1053 929 1179 1002; x_wconf 81' lang='grc' dir='ltr'><em>χειροῖν</em></span> <span class='ocrx_word' id='word_1_46' title='bbox 1207 914 1261 980; x_wconf 82' lang='grc' dir='ltr'><strong>καὶ</strong></span> <span class='ocrx_word' id='word_1_47' title='bbox 1289 918 1411 981; x_wconf 76' lang='grc' dir='ltr'><em>ποδοῖν</em></span> <span class='ocrx_word' id='word_1_48' title='bbox 1439 915 1542 994; x_wconf 80' lang='grc' dir='ltr'><em>ξυνω-</em></span> 
     </span>
     <span class='ocr_line' id='line_1_7' title="bbox 239 1023 1541 1109; baseline -0.002 -20"><span class='ocrx_word' id='word_1_49' title='bbox 239 1028 324 1109; x_wconf 92' lang='grc' dir='ltr'><em>ρίδα.</em></span> <span class='ocrx_word' id='word_1_50' title='bbox 350 1063 389 1072; x_wconf 91' lang='lat'><em>-</em></span> <span class='ocrx_word' id='word_1_51' title='bbox 414 1025 465 1091; x_wconf 82' lang='lat' dir='ltr'><strong>Ex</strong></span> <span class='ocrx_word' id='word_1_52' title='bbox 493 1027 665 1092; x_wconf 76' lang='lat' dir='ltr'><strong>abstractis</strong></span> <span class='ocrx_word' id='word_1_53' title='bbox 688 1027 787 1090; x_wconf 93' lang='lat' dir='ltr'><strong>robur</strong></span> <span class='ocrx_word' id='word_1_54' title='bbox 815 1031 848 1090; x_wconf 91' lang='lat' dir='ltr'><strong>et</strong></span> <span class='ocrx_word' id='word_1_55' title='bbox 870 1026 997 1090; x_wconf 90' lang='lat' dir='ltr'><strong>iustitia</strong></span> <span class='ocrx_word' id='word_1_56' title='bbox 1025 1025 1176 1109; x_wconf 88' lang='lat' dir='ltr'><strong>copulata</strong></span> <span class='ocrx_word' id='word_1_57' title='bbox 1203 1024 1405 1108; x_wconf 87' lang='lat' dir='ltr'><strong>effinguntur</strong></span> <span class='ocrx_word' id='word_1_58' title='bbox 1427 1023 1541 1108; x_wconf 83' lang='lat' dir='ltr'><strong>fragm.</strong></span> 
     </span>
     <span class='ocr_line' id='line_1_8' title="bbox 239 1127 1541 1218; baseline -0.002 -22"><span class='ocrx_word' id='word_1_59' title='bbox 239 1134 339 1197; x_wconf 84' lang='lat' dir='ltr'><strong>311a:</strong></span> <span class='ocrx_word' id='word_1_60' title='bbox 364 1128 449 1198; x_wconf 84' lang='grc' dir='ltr'><em>ὅπου</em></span> <span class='ocrx_word' id='word_1_61' title='bbox 468 1130 531 1218; x_wconf 82' lang='grc' dir='ltr'><strong>γὰρ</strong></span> <span class='ocrx_word' id='word_1_62' title='bbox 556 1129 650 1218; x_wconf 87' lang='grc' dir='ltr'><em>ίσχδς</em></span> <span class='ocrx_word' id='word_1_63' title='bbox 669 1135 847 1218; x_wconf 78' lang='grc' dir='ltr'>συζυγοῦσι</span> <span class='ocrx_word' id='word_1_64' title='bbox 870 1131 925 1197; x_wconf 76' lang='grc' dir='ltr'><strong>καί</strong></span> <span class='ocrx_word' id='word_1_65' title='bbox 950 1135 1037 1215; x_wconf 88' lang='grc' dir='ltr'><em>δίκη,</em></span> <span class='ocrx_word' id='word_1_66' title='bbox 1061 1134 1150 1196; x_wconf 89' lang='grc' dir='ltr'><em>Ποία</em></span> <span class='ocrx_word' id='word_1_67' title='bbox 1170 1127 1320 1214; x_wconf 76' lang='grc' dir='ltr'><em>ξυνωρὶς</em></span> <span class='ocrx_word' id='word_1_68' title='bbox 1334 1131 1440 1194; x_wconf 82' lang='grc' dir='ltr'><em>τῶνδε</em></span> <span class='ocrx_word' id='word_1_69' title='bbox 1463 1153 1541 1216; x_wconf 88' lang='grc' dir='ltr'><em>κρα-</em></span> 
     </span>
     <span class='ocr_line' id='line_1_9' title="bbox 236 1237 1540 1324; baseline 0 -22"><span class='ocrx_word' id='word_1_70' title='bbox 236 1237 422 1324; x_wconf 84' lang='grc' dir='ltr'><em>τερωτέρα;.</em></span> <span class='ocrx_word' id='word_1_71' title='bbox 446 1275 481 1286; x_wconf 90' lang='grc'>-</span> <span class='ocrx_word' id='word_1_72' title='bbox 503 1239 651 1324; x_wconf 90' lang='lat' dir='ltr'><strong>Denique</strong></span> <span class='ocrx_word' id='word_1_73' title='bbox 671 1241 781 1305; x_wconf 88' lang='lat' dir='ltr'><strong>eadem</strong></span> <span class='ocrx_word' id='word_1_74' title='bbox 800 1241 866 1304; x_wconf 87' lang='lat' dir='ltr'><strong>fere</strong></span> <span class='ocrx_word' id='word_1_75' title='bbox 890 1239 1016 1305; x_wconf 89' lang='lat' dir='ltr'><strong>ratione</strong></span> <span class='ocrx_word' id='word_1_76' title='bbox 1036 1239 1241 1302; x_wconf 86' lang='lat' dir='ltr'><strong>illustrantur</strong></span> <span class='ocrx_word' id='word_1_77' title='bbox 1264 1238 1342 1301; x_wconf 90' lang='lat' dir='ltr'><strong>belli</strong></span> <span class='ocrx_word' id='word_1_78' title='bbox 1364 1237 1450 1301; x_wconf 89' lang='lat' dir='ltr'><strong>mala</strong></span> <span class='ocrx_word' id='word_1_79' title='bbox 1472 1241 1540 1302; x_wconf 89' lang='lat' dir='ltr'><strong>tam</strong></span> 
     </span>
     <span class='ocr_line' id='line_1_10' title="bbox 236 1344 1542 1432; baseline 0.001 -24"><span class='ocrx_word' id='word_1_80' title='bbox 236 1346 270 1408; x_wconf 94' lang='lat' dir='ltr'><strong>in</strong></span> <span class='ocrx_word' id='word_1_81' title='bbox 293 1346 457 1411; x_wconf 88' lang='lat' dir='ltr'><strong>civitatem</strong></span> <span class='ocrx_word' id='word_1_82' title='bbox 481 1370 577 1431; x_wconf 88' lang='lat' dir='ltr'><strong>quam</strong></span> <span class='ocrx_word' id='word_1_83' title='bbox 601 1347 634 1410; x_wconf 91' lang='lat' dir='ltr'><strong>in</strong></span> <span class='ocrx_word' id='word_1_84' title='bbox 660 1348 805 1432; x_wconf 87' lang='lat' dir='ltr'><strong>singulos</strong></span> <span class='ocrx_word' id='word_1_85' title='bbox 829 1347 914 1411; x_wconf 86' lang='lat' dir='ltr'><strong>cives</strong></span> <span class='ocrx_word' id='word_1_86' title='bbox 937 1347 1124 1430; x_wconf 89' lang='lat' dir='ltr'><strong>ingruentia</strong></span> <span class='ocrx_word' id='word_1_87' title='bbox 1148 1347 1208 1429; x_wconf 88' lang='lat' dir='ltr'><strong>Ag.</strong></span> <span class='ocrx_word' id='word_1_88' title='bbox 1232 1368 1260 1409; x_wconf 84' lang='lat' dir='ltr'><strong>v.</strong></span> <span class='ocrx_word' id='word_1_89' title='bbox 1280 1344 1358 1409; x_wconf 81' lang='lat'>643:</span> <span class='ocrx_word' id='word_1_90' title='bbox 1383 1344 1542 1429; x_wconf 77' lang='grc' dir='ltr'><em>δίλογχον</em></span> 
     </span>
     <span class='ocr_line' id='line_1_11' title="bbox 236 1447 693 1535; baseline 0.004 -21"><span class='ocrx_word' id='word_1_91' title='bbox 236 1447 330 1535; x_wconf 81' lang='grc' dir='ltr'><em>ἄτην,</em></span> <span class='ocrx_word' id='word_1_92' title='bbox 355 1455 492 1535; x_wconf 83' lang='grc' dir='ltr'><em>φοινίαν</em></span> <span class='ocrx_word' id='word_1_93' title='bbox 516 1453 693 1534; x_wconf 81' lang='grc' dir='ltr'><em>ξυνωρίδα.</em></span> 
     </span>
    </p>

    <p class='ocr_par' dir='ltr' id='par_1_3' title="bbox 225 1557 1541 3356">
     <span class='ocr_line' id='line_1_12' title="bbox 324 1557 1540 1644; baseline 0 -22"><span class='ocrx_word' id='word_1_94' title='bbox 324 1560 509 1644; x_wconf 87' lang='lat' dir='ltr'><strong>Antequam</strong></span> <span class='ocrx_word' id='word_1_95' title='bbox 537 1560 743 1643; x_wconf 86' lang='lat' dir='ltr'><strong>metaphoras</strong></span> <span class='ocrx_word' id='word_1_96' title='bbox 774 1583 813 1624; x_wconf 87' lang='lat' dir='ltr'><strong>ex</strong></span> <span class='ocrx_word' id='word_1_97' title='bbox 840 1557 936 1624; x_wconf 82' lang='lat' dir='ltr'><strong>relius</strong></span> <span class='ocrx_word' id='word_1_98' title='bbox 963 1559 1181 1644; x_wconf 85' lang='lat' dir='ltr'><strong>pastoralibus</strong></span> <span class='ocrx_word' id='word_1_99' title='bbox 1212 1563 1340 1643; x_wconf 77' lang='lat' dir='ltr'><strong>carptas</strong></span> <span class='ocrx_word' id='word_1_100' title='bbox 1368 1557 1540 1643; x_wconf 89' lang='lat' dir='ltr'><strong>proferam,</strong></span> 
     </span>
     <span class='ocr_line' id='line_1_13' title="bbox 235 1665 1540 1760; baseline 0 -31"><span class='ocrx_word' id='word_1_101' title='bbox 235 1665 321 1729; x_wconf 88' lang='lat' dir='ltr'><strong>haud</strong></span> <span class='ocrx_word' id='word_1_102' title='bbox 341 1666 480 1730; x_wconf 88' lang='lat' dir='ltr'><strong>alienum</strong></span> <span class='ocrx_word' id='word_1_103' title='bbox 502 1668 583 1732; x_wconf 87' lang='lat' dir='ltr'><strong>duco</strong></span> <span class='ocrx_word' id='word_1_104' title='bbox 603 1666 654 1730; x_wconf 91' lang='lat' dir='ltr'><strong>hic</strong></span> <span class='ocrx_word' id='word_1_105' title='bbox 674 1689 770 1731; x_wconf 90' lang='lat' dir='ltr'><strong>unam</strong></span> <span class='ocrx_word' id='word_1_106' title='bbox 791 1667 985 1753; x_wconf 89' lang='lat' dir='ltr'><strong>subiungere</strong></span> <span class='ocrx_word' id='word_1_107' title='bbox 1005 1666 1181 1750; x_wconf 84' lang='lat' dir='ltr'><strong>imaginem</strong></span> <span class='ocrx_word' id='word_1_108' title='bbox 1206 1667 1247 1730; x_wconf 91' lang='lat' dir='ltr'><strong>ab</strong></span> <span class='ocrx_word' id='word_1_109' title='bbox 1267 1667 1374 1760; x_wconf 69' lang='lat' dir='ltr'><strong>apium</strong></span> <span class='ocrx_word' id='word_1_110' title='bbox 1394 1667 1540 1731; x_wconf 82' lang='lat' dir='ltr'><strong>examine</strong></span> 
     </span>
     <span class='ocr_line' id='line_1_14' title="bbox 236 1771 1541 1858; baseline 0.002 -24"><span class='ocrx_word' id='word_1_111' title='bbox 236 1774 380 1853; x_wconf 91' lang='lat' dir='ltr'><strong>petitam.</strong></span> <span class='ocrx_word' id='word_1_112' title='bbox 423 1773 525 1839; x_wconf 88' lang='lat' dir='ltr'><strong>Obvia</strong></span> <span class='ocrx_word' id='word_1_113' title='bbox 553 1779 603 1838; x_wconf 89' lang='lat' dir='ltr'><strong>est</strong></span> <span class='ocrx_word' id='word_1_114' title='bbox 630 1772 741 1858; x_wconf 82' lang='lat' dir='ltr'><strong>Suppl.</strong></span> <span class='ocrx_word' id='word_1_115' title='bbox 770 1797 798 1838; x_wconf 87' lang='lat' dir='ltr'><strong>v.</strong></span> <span class='ocrx_word' id='word_1_116' title='bbox 817 1775 883 1839; x_wconf 84' lang='lat'><strong>684</strong></span> <span class='ocrx_word' id='word_1_117' title='bbox 897 1773 1047 1857; x_wconf 92' lang='lat' dir='ltr'><strong>sq.:·ubi</strong></span> <span class='ocrx_word' id='word_1_118' title='bbox 1075 1773 1180 1837; x_wconf 89' lang='lat' dir='ltr'><strong>Danai</strong></span> <span class='ocrx_word' id='word_1_119' title='bbox 1208 1771 1293 1836; x_wconf 89' lang='lat' dir='ltr'><strong>filiae</strong></span> <span class='ocrx_word' id='word_1_120' title='bbox 1322 1771 1399 1837; x_wconf 90' lang='lat' dir='ltr'><strong>deos</strong></span> <span class='ocrx_word' id='word_1_121' title='bbox 1426 1771 1541 1856; x_wconf 89' lang='lat' dir='ltr'><strong>implo-</strong></span> 
     </span>
     <span class='ocr_line' id='line_1_15' title="bbox 237 1878 1541 1967; baseline 0.002 -25"><span class='ocrx_word' id='word_1_122' title='bbox 237 1882 318 1961; x_wconf 85' lang='lat' dir='ltr'><strong>rant,</strong></span> <span class='ocrx_word' id='word_1_123' title='bbox 341 1884 377 1943; x_wconf 91' lang='lat' dir='ltr'><strong>ut</strong></span> <span class='ocrx_word' id='word_1_124' title='bbox 395 1882 491 1945; x_wconf 89' lang='lat' dir='ltr'><strong>turba</strong></span> <span class='ocrx_word' id='word_1_125' title='bbox 510 1882 693 1947; x_wconf 86' lang='lat' dir='ltr'><strong>morborum</strong></span> <span class='ocrx_word' id='word_1_126' title='bbox 715 1903 811 1966; x_wconf 90' lang='lat' dir='ltr'><strong>quam</strong></span> <span class='ocrx_word' id='word_1_127' title='bbox 830 1881 1019 1967; x_wconf 88' lang='lat' dir='ltr'><strong>longissime</strong></span> <span class='ocrx_word' id='word_1_128' title='bbox 1044 1881 1205 1946; x_wconf 84' lang='lat' dir='ltr'><strong>aeivibus</strong></span> <span class='ocrx_word' id='word_1_129' title='bbox 1227 1879 1357 1964; x_wconf 85' lang='lat' dir='ltr'><strong>Argivis</strong></span> <span class='ocrx_word' id='word_1_130' title='bbox 1380 1878 1541 1944; x_wconf 89' lang='lat' dir='ltr'><strong>considat:</strong></span> 
     </span>
     <span class='ocr_line' id='line_1_16' title="bbox 234 1981 1536 2073; baseline 0.002 -24"><span class='ocrx_word' id='word_1_131' title='bbox 234 1983 369 2050; x_wconf 85' lang='grc' dir='ltr'><em>νούσων</em></span> <span class='ocrx_word' id='word_1_132' title='bbox 393 1983 425 2052; x_wconf 84' lang='grc' dir='ltr'><strong>δ’</strong></span> <span class='ocrx_word' id='word_1_133' title='bbox 447 1984 546 2073; x_wconf 84' lang='grc' dir='ltr'><em>ἑσμὸς</em></span> <span class='ocrx_word' id='word_1_134' title='bbox 569 1982 624 2052; x_wconf 79' lang='grc' dir='ltr'><strong>ἀπ’</strong></span> <span class='ocrx_word' id='word_1_135' title='bbox 647 1983 758 2053; x_wconf 80' lang='grc' dir='ltr'><em>ύστιόν</em></span> <span class='ocrx_word' id='word_1_136' title='bbox 778 1983 858 2067; x_wconf 58' lang='lat' dir='ltr'><strong>“Itos</strong></span> <span class='ocrx_word' id='word_1_137' title='bbox 881 1983 1001 2073; x_wconf 89' lang='grc' dir='ltr'><em>κρατὸς</em></span> <span class='ocrx_word' id='word_1_138' title='bbox 1023 1981 1165 2073; x_wconf 80' lang='grc' dir='ltr'><em>ἀτερπής</em></span> <span class='ocrx_word' id='word_1_139' title='bbox 1188 1984 1241 2071; x_wconf 86' lang='lat' dir='ltr'><strong>(cf.</strong></span> <span class='ocrx_word' id='word_1_140' title='bbox 1264 1987 1335 2070; x_wconf 66' lang='lat'><strong>56,</strong></span> <span class='ocrx_word' id='word_1_141' title='bbox 1358 2009 1389 2070; x_wconf 85' lang='lat' dir='ltr'><strong>p.</strong></span> <span class='ocrx_word' id='word_1_142' title='bbox 1407 1985 1475 2072; x_wconf 89' lang='lat'><strong>38).</strong></span> <span class='ocrx_word' id='word_1_143' title='bbox 1501 2025 1536 2036; x_wconf 78' lang='lat'><em>—</em></span> 
     </span>
     <span class='ocr_line' id='line_1_17' title="bbox 234 2092 1539 2180; baseline 0.003 -25"><span class='ocrx_word' id='word_1_144' title='bbox 234 2092 303 2156; x_wconf 89' lang='lat' dir='ltr'><strong>Iam</strong></span> <span class='ocrx_word' id='word_1_145' title='bbox 327 2095 465 2176; x_wconf 86' lang='lat' dir='ltr'><strong>pecudes</strong></span> <span class='ocrx_word' id='word_1_146' title='bbox 489 2096 654 2179; x_wconf 90' lang='lat' dir='ltr'><strong>finguntur</strong></span> <span class='ocrx_word' id='word_1_147' title='bbox 680 2096 799 2159; x_wconf 85' lang='lat' dir='ltr'><strong>herbae</strong></span> <span class='ocrx_word' id='word_1_148' title='bbox 823 2097 1030 2180; x_wconf 85' lang='lat' dir='ltr'><strong>arboresque,</strong></span> <span class='ocrx_word' id='word_1_149' title='bbox 1058 2117 1131 2159; x_wconf 86' lang='lat' dir='ltr'><strong>cum</strong></span> <span class='ocrx_word' id='word_1_150' title='bbox 1155 2095 1209 2178; x_wconf 91' lang='lat' dir='ltr'><strong>qui</strong></span> <span class='ocrx_word' id='word_1_151' title='bbox 1234 2096 1273 2158; x_wconf 90' lang='lat' dir='ltr'><strong>iis</strong></span> <span class='ocrx_word' id='word_1_152' title='bbox 1302 2095 1461 2160; x_wconf 84' lang='lat' dir='ltr'><strong>culturam</strong></span> <span class='ocrx_word' id='word_1_153' title='bbox 1485 2095 1539 2159; x_wconf 91' lang='lat' dir='ltr'><strong>ad-</strong></span> 
     </span>
     <span class='ocr_line' id='line_1_18' title="bbox 233 2195 1541 2288; baseline 0.004 -26"><span class='ocrx_word' id='word_1_154' title='bbox 233 2199 337 2283; x_wconf 90' lang='lat' dir='ltr'><strong>hibet,</strong></span> <span class='ocrx_word' id='word_1_155' title='bbox 368 2205 479 2283; x_wconf 91' lang='lat' dir='ltr'><strong>pastor</strong></span> <span class='ocrx_word' id='word_1_156' title='bbox 511 2225 620 2268; x_wconf 90' lang='lat' dir='ltr'><strong>earum</strong></span> <span class='ocrx_word' id='word_1_157' title='bbox 654 2203 832 2288; x_wconf 88' lang='lat' dir='ltr'><strong>appelletur</strong></span> <span class='ocrx_word' id='word_1_158' title='bbox 858 2201 952 2266; x_wconf 85' lang='lat' dir='ltr'><strong>Eum.</strong></span> <span class='ocrx_word' id='word_1_159' title='bbox 981 2225 1009 2266; x_wconf 88' lang='lat' dir='ltr'><strong>v.</strong></span> <span class='ocrx_word' id='word_1_160' title='bbox 1028 2203 1107 2266; x_wconf 86' lang='lat'>911:</span> <span class='ocrx_word' id='word_1_161' title='bbox 1143 2195 1269 2287; x_wconf 77' lang='grc' dir='ltr'><em>ἀνδρὸς</em></span> <span class='ocrx_word' id='word_1_162' title='bbox 1300 2203 1541 2286; x_wconf 78' lang='grc' dir='ltr'><em>φιτυποίμενος</em></span> 
     </span>
     <span class='ocr_line' id='line_1_19' title="bbox 234 2306 1539 2394; baseline 0.003 -24"><span class='ocrx_word' id='word_1_163' title='bbox 234 2306 340 2389; x_wconf 89' lang='grc' dir='ltr'><em>δίκην.</em></span> <span class='ocrx_word' id='word_1_164' title='bbox 362 2345 402 2354; x_wconf 63' lang='grc'><strong>«-</strong></span> <span class='ocrx_word' id='word_1_165' title='bbox 420 2307 561 2373; x_wconf 85' lang='lat' dir='ltr'><strong>Navium</strong></span> <span class='ocrx_word' id='word_1_166' title='bbox 586 2310 758 2374; x_wconf 90' lang='lat' dir='ltr'><strong>multitudo</strong></span> <span class='ocrx_word' id='word_1_167' title='bbox 782 2309 890 2394; x_wconf 87' lang='lat' dir='ltr'><strong>gregis</strong></span> <span class='ocrx_word' id='word_1_168' title='bbox 914 2308 1088 2394; x_wconf 89' lang='lat' dir='ltr'><strong>imaginem</strong></span> <span class='ocrx_word' id='word_1_169' title='bbox 1113 2311 1227 2392; x_wconf 88' lang='lat' dir='ltr'><strong>poetae</strong></span> <span class='ocrx_word' id='word_1_170' title='bbox 1251 2308 1413 2391; x_wconf 87' lang='lat' dir='ltr'><strong>excitavit,</strong></span> <span class='ocrx_word' id='word_1_171' title='bbox 1441 2331 1539 2393; x_wconf 90' lang='lat' dir='ltr'><strong>qnare</strong></span> 
     </span>
     <span class='ocr_line' id='line_1_20' title="bbox 235 2413 1539 2501; baseline 0.002 -23"><span class='ocrx_word' id='word_1_172' title='bbox 235 2415 466 2498; x_wconf 87' lang='lat' dir='ltr'><strong>gubernatores</strong></span> <span class='ocrx_word' id='word_1_173' title='bbox 491 2439 599 2481; x_wconf 90' lang='lat' dir='ltr'><strong>earum</strong></span> <span class='ocrx_word' id='word_1_174' title='bbox 624 2421 771 2501; x_wconf 89' lang='lat' dir='ltr'><strong>pastores</strong></span> <span class='ocrx_word' id='word_1_175' title='bbox 794 2417 941 2481; x_wconf 88' lang='lat' dir='ltr'><strong>nominat</strong></span> <span class='ocrx_word' id='word_1_176' title='bbox 965 2415 1074 2500; x_wconf 83' lang='lat' dir='ltr'><strong>Snppl.</strong></span> <span class='ocrx_word' id='word_1_177' title='bbox 1099 2439 1127 2481; x_wconf 88' lang='lat' dir='ltr'><strong>v.</strong></span> <span class='ocrx_word' id='word_1_178' title='bbox 1147 2415 1225 2480; x_wconf 78' lang='lat'>767:</span> <span class='ocrx_word' id='word_1_179' title='bbox 1257 2413 1351 2479; x_wconf 76' lang='lat' dir='ltr'><strong>cuein</strong></span> <span class='ocrx_word' id='word_1_180' title='bbox 1374 2414 1539 2500; x_wconf 80' lang='grc' dir='ltr'><em>ποιμένες,</em></span> 
     </span>
     <span class='ocr_line' id='line_1_21' title="bbox 233 2517 1539 2612; baseline 0.002 -27"><span class='ocrx_word' id='word_1_181' title='bbox 233 2542 370 2605; x_wconf 89' lang='lat' dir='ltr'><strong>quocum</strong></span> <span class='ocrx_word' id='word_1_182' title='bbox 393 2523 465 2588; x_wconf 86' lang='lat' dir='ltr'><strong>loco</strong></span> <span class='ocrx_word' id='word_1_183' title='bbox 488 2523 554 2590; x_wconf 90' lang='lat' dir='ltr'><strong>fere</strong></span> <span class='ocrx_word' id='word_1_184' title='bbox 574 2525 722 2608; x_wconf 85' lang='lat' dir='ltr'><strong>congruit</strong></span> <span class='ocrx_word' id='word_1_185' title='bbox 740 2523 798 2608; x_wconf 87' lang='lat' dir='ltr'><strong>Ag.</strong></span> <span class='ocrx_word' id='word_1_186' title='bbox 813 2547 841 2588; x_wconf 85' lang='lat' dir='ltr'><strong>v.</strong></span> <span class='ocrx_word' id='word_1_187' title='bbox 861 2523 939 2588; x_wconf 79' lang='lat'>657:</span> <span class='ocrx_word' id='word_1_188' title='bbox 963 2518 1083 2612; x_wconf 73' lang='grc' dir='ltr'><em>ᾤχοντ’</em></span> <span class='ocrx_word' id='word_1_189' title='bbox 1105 2517 1250 2606; x_wconf 80' lang='grc' dir='ltr'><em>ἄφαντοι</em></span> <span class='ocrx_word' id='word_1_190' title='bbox 1274 2519 1330 2605; x_wconf 88' lang='lat' dir='ltr'><strong>(eo.</strong></span> <span class='ocrx_word' id='word_1_191' title='bbox 1349 2518 1447 2609; x_wconf 84' lang='grc' dir='ltr'><em>ναῦς)</em></span> <span class='ocrx_word' id='word_1_192' title='bbox 1467 2544 1539 2588; x_wconf 89' lang='grc' dir='ltr'><em>ποι-</em></span> 
     </span>
     <span class='ocr_line' id='line_1_22' title="bbox 232 2625 1538 2720; baseline 0.002 -28"><span class='ocrx_word' id='word_1_193' title='bbox 232 2626 332 2710; x_wconf 87' lang='grc' dir='ltr'><em>μένος</em></span> <span class='ocrx_word' id='word_1_194' title='bbox 349 2631 453 2694; x_wconf 82' lang='grc' dir='ltr'><em>κακοῦ</em></span> <span class='ocrx_word' id='word_1_195' title='bbox 469 2628 598 2720; x_wconf 77' lang='grc' dir='ltr'><em>στρόβῳ</em></span> <span class='ocrx_word' id='word_1_196' title='bbox 614 2628 667 2717; x_wconf 86' lang='lat' dir='ltr'><strong>(ef.</strong></span> <span class='ocrx_word' id='word_1_197' title='bbox 682 2653 712 2714; x_wconf 92' lang='lat' dir='ltr'><strong>p.</strong></span> <span class='ocrx_word' id='word_1_198' title='bbox 724 2631 777 2714; x_wconf 81' lang='lat'><strong>34,</strong></span> <span class='ocrx_word' id='word_1_199' title='bbox 796 2654 825 2715; x_wconf 91' lang='lat' dir='ltr'><strong>p.</strong></span> <span class='ocrx_word' id='word_1_200' title='bbox 841 2631 908 2716; x_wconf 76' lang='lat'><strong>52).</strong></span> <span class='ocrx_word' id='word_1_201' title='bbox 924 2667 965 2676; x_wconf 89' lang='lat'>—</span> <span class='ocrx_word' id='word_1_202' title='bbox 980 2630 1161 2694; x_wconf 89' lang='lat' dir='ltr'><strong>Pascuntur</strong></span> <span class='ocrx_word' id='word_1_203' title='bbox 1174 2627 1265 2715; x_wconf 90' lang='grc' dir='ltr'><em>κεάρ,</em></span> <span class='ocrx_word' id='word_1_204' title='bbox 1284 2625 1398 2712; x_wconf 87' lang='grc' dir='ltr'><em>πόνος,</em></span> <span class='ocrx_word' id='word_1_205' title='bbox 1417 2627 1538 2715; x_wconf 78' lang='grc' dir='ltr'><em>πόθος,</em></span> 
     </span>
     <span class='ocr_line' id='line_1_23' title="bbox 232 2733 1538 2822; baseline 0.005 -24"><span class='ocrx_word' id='word_1_206' title='bbox 232 2735 279 2799; x_wconf 89' lang='lat' dir='ltr'><strong>ita</strong></span> <span class='ocrx_word' id='word_1_207' title='bbox 295 2740 413 2818; x_wconf 86' lang='lat' dir='ltr'><strong>tamen,</strong></span> <span class='ocrx_word' id='word_1_208' title='bbox 433 2741 469 2801; x_wconf 90' lang='lat' dir='ltr'><strong>ut</strong></span> <span class='ocrx_word' id='word_1_209' title='bbox 486 2739 577 2802; x_wconf 91' lang='lat' dir='ltr'><strong>notio</strong></span> <span class='ocrx_word' id='word_1_210' title='bbox 598 2737 797 2802; x_wconf 87' lang='lat' dir='ltr'><strong>demulcendi</strong></span> <span class='ocrx_word' id='word_1_211' title='bbox 816 2738 867 2802; x_wconf 88' lang='lat' dir='ltr'><strong>vel</strong></span> <span class='ocrx_word' id='word_1_212' title='bbox 881 2737 1062 2802; x_wconf 88' lang='lat' dir='ltr'><strong>deleniendi</strong></span> <span class='ocrx_word' id='word_1_213' title='bbox 1081 2736 1302 2802; x_wconf 88' lang='lat' dir='ltr'><strong>subaudienda</strong></span> <span class='ocrx_word' id='word_1_214' title='bbox 1317 2737 1372 2802; x_wconf 91' lang='lat' dir='ltr'><strong>sit:</strong></span> <span class='ocrx_word' id='word_1_215' title='bbox 1396 2733 1538 2822; x_wconf 83' lang='lat' dir='ltr'><strong>Choeph.</strong></span> 
     </span>
     <span class='ocr_line' id='line_1_24' title="bbox 231 2838 1537 2930; baseline 0.004 -25"><span class='ocrx_word' id='word_1_216' title='bbox 231 2863 259 2907; x_wconf 85' lang='lat' dir='ltr'><strong>v.</strong></span> <span class='ocrx_word' id='word_1_217' title='bbox 278 2843 335 2907; x_wconf 80' lang='lat'><strong>26:</strong></span> <span class='ocrx_word' id='word_1_218' title='bbox 364 2838 408 2906; x_wconf 91' lang='grc' dir='ltr'><strong>δι’</strong></span> <span class='ocrx_word' id='word_1_219' title='bbox 435 2845 559 2921; x_wconf 75' lang='grc' dir='ltr'><em>αἰῶνος</em></span> <span class='ocrx_word' id='word_1_220' title='bbox 582 2840 613 2910; x_wconf 96' lang='grc' dir='ltr'><strong>δ’</strong></span> <span class='ocrx_word' id='word_1_221' title='bbox 640 2847 788 2928; x_wconf 74' lang='grc' dir='ltr'><em>ἰυγμοῖσι</em></span> <span class='ocrx_word' id='word_1_222' title='bbox 811 2840 965 2927; x_wconf 79' lang='grc' dir='ltr'><em>βόσκεται</em></span> <span class='ocrx_word' id='word_1_223' title='bbox 988 2841 1075 2929; x_wconf 85' lang='grc' dir='ltr'><em>κέαρ,</em></span> <span class='ocrx_word' id='word_1_224' title='bbox 1090 2875 1142 2892; x_wconf 91' lang='grc'><strong>·-</strong></span> <span class='ocrx_word' id='word_1_225' title='bbox 1167 2845 1228 2930; x_wconf 90' lang='lat' dir='ltr'><strong>Ag.</strong></span> <span class='ocrx_word' id='word_1_226' title='bbox 1251 2866 1281 2908; x_wconf 82' lang='lat' dir='ltr'><strong>r.</strong></span> <span class='ocrx_word' id='word_1_227' title='bbox 1300 2844 1378 2909; x_wconf 87' lang='lat'>669:</span> <span class='ocrx_word' id='word_1_228' title='bbox 1404 2843 1537 2927; x_wconf 82' lang='grc' dir='ltr'><em>έβονκο-</em></span> 
     </span>
     <span class='ocr_line' id='line_1_25' title="bbox 231 2944 1538 3035; baseline 0.002 -22"><span class='ocrx_word' id='word_1_229' title='bbox 231 2949 355 3032; x_wconf 81' lang='grc' dir='ltr'><em>ίοῦμεν</em></span> <span class='ocrx_word' id='word_1_230' title='bbox 378 2954 557 3035; x_wconf 92' lang='grc' dir='ltr'><em>φροντίσιν</em></span> <span class='ocrx_word' id='word_1_231' title='bbox 579 2951 658 3017; x_wconf 92' lang='grc' dir='ltr'><em>νέον</em></span> <span class='ocrx_word' id='word_1_232' title='bbox 682 2948 800 3027; x_wconf 78' lang='grc' dir='ltr'><em>πάθος.</em></span> <span class='ocrx_word' id='word_1_233' title='bbox 822 2987 859 2996; x_wconf 93' lang='grc'><strong>-</strong></span> <span class='ocrx_word' id='word_1_234' title='bbox 881 2950 975 3014; x_wconf 84' lang='lat' dir='ltr'><strong>Eum.</strong></span> <span class='ocrx_word' id='word_1_235' title='bbox 998 2971 1027 3014; x_wconf 83' lang='lat' dir='ltr'><strong>v.</strong></span> <span class='ocrx_word' id='word_1_236' title='bbox 1048 2949 1089 3013; x_wconf 79' lang='lat'><strong>78</strong></span> <span class='ocrx_word' id='word_1_237' title='bbox 1105 2971 1163 3034; x_wconf 81' lang='lat' dir='ltr'><strong>sq:</strong></span> <span class='ocrx_word' id='word_1_238' title='bbox 1187 2944 1232 3032; x_wconf 78' lang='grc' dir='ltr'><strong>μὴ</strong></span> <span class='ocrx_word' id='word_1_239' title='bbox 1250 2946 1419 3034; x_wconf 81' lang='grc' dir='ltr'><em>πρόκαμνε</em></span> <span class='ocrx_word' id='word_1_240' title='bbox 1437 2947 1538 3016; x_wconf 89' lang='grc' dir='ltr'><em>τόνδε</em></span> 
     </span>
     <span class='ocr_line' id='line_1_26' title="bbox 225 3053 1536 3142; baseline 0.002 -22"><span class='ocrx_word' id='word_1_241' title='bbox 225 3053 499 3141; x_wconf 74' lang='grc' dir='ltr'><em>βουκολούμενος</em></span> <span class='ocrx_word' id='word_1_242' title='bbox 522 3056 638 3124; x_wconf 89' lang='grc' dir='ltr'><em>πόνον.</em></span> <span class='ocrx_word' id='word_1_243' title='bbox 671 3056 720 3124; x_wconf 79' lang='lat' dir='ltr'><strong>Of.</strong></span> <span class='ocrx_word' id='word_1_244' title='bbox 739 3057 881 3142; x_wconf 82' lang='lat' dir='ltr'><strong>Choeph.</strong></span> <span class='ocrx_word' id='word_1_245' title='bbox 900 3080 928 3123; x_wconf 84' lang='lat' dir='ltr'><strong>v.</strong></span> <span class='ocrx_word' id='word_1_246' title='bbox 943 3057 1016 3123; x_wconf 86' lang='lat'><strong>598.</strong></span> <span class='ocrx_word' id='word_1_247' title='bbox 1039 3093 1075 3102; x_wconf 84' lang='lat'>-</span> <span class='ocrx_word' id='word_1_248' title='bbox 1099 3055 1244 3141; x_wconf 87' lang='lat' dir='ltr'><strong>Mugitus</strong></span> <span class='ocrx_word' id='word_1_249' title='bbox 1269 3057 1365 3122; x_wconf 90' lang='lat' dir='ltr'><strong>boum</strong></span> <span class='ocrx_word' id='word_1_250' title='bbox 1390 3057 1430 3121; x_wconf 90' lang='lat' dir='ltr'><strong>ad</strong></span> <span class='ocrx_word' id='word_1_251' title='bbox 1454 3059 1536 3123; x_wconf 90' lang='lat' dir='ltr'><strong>toni·</strong></span> 
     </span>
     <span class='ocr_line' id='line_1_27' title="bbox 230 3157 1536 3251; baseline 0.002 -24"><span class='ocrx_word' id='word_1_252' title='bbox 230 3168 304 3228; x_wconf 87' lang='lat' dir='ltr'><strong>trua</strong></span> <span class='ocrx_word' id='word_1_253' title='bbox 330 3165 524 3230; x_wconf 86' lang='lat' dir='ltr'><strong>transfertur</strong></span> <span class='ocrx_word' id='word_1_254' title='bbox 547 3165 653 3231; x_wconf 92' lang='lat' dir='ltr'><strong>Prom.</strong></span> <span class='ocrx_word' id='word_1_255' title='bbox 678 3189 705 3230; x_wconf 88' lang='lat' dir='ltr'><strong>v.</strong></span> <span class='ocrx_word' id='word_1_256' title='bbox 728 3165 825 3232; x_wconf 76' lang='lat'>1062:</span> <span class='ocrx_word' id='word_1_257' title='bbox 862 3165 1006 3249; x_wconf 82' lang='grc' dir='ltr'><em>βροντῆς</em></span> <span class='ocrx_word' id='word_1_258' title='bbox 1034 3157 1156 3248; x_wconf 81' lang='grc' dir='ltr'><em>μύκημ’</em></span> <span class='ocrx_word' id='word_1_259' title='bbox 1182 3157 1441 3251; x_wconf 63' lang='grc' dir='ltr'><em>ἆτέραμνονῙῙῙ).</em></span> <span class='ocrx_word' id='word_1_260' title='bbox 1487 3162 1536 3230; x_wconf 80' lang='lat' dir='ltr'><strong>Of.</strong></span> 
     </span>
     <span class='ocr_line' id='line_1_28' title="bbox 230 3269 524 3356; baseline 0.014 -23"><span class='ocrx_word' id='word_1_261' title='bbox 230 3269 305 3334; x_wconf 88' lang='lat' dir='ltr'><strong>ibid.</strong></span> <span class='ocrx_word' id='word_1_262' title='bbox 328 3293 358 3335; x_wconf 82' lang='lat' dir='ltr'><strong>v.</strong></span> <span class='ocrx_word' id='word_1_263' title='bbox 380 3272 464 3336; x_wconf 82' lang='lat'>1082</span> <span class='ocrx_word' id='word_1_264' title='bbox 479 3295 524 3356; x_wconf 91' lang='lat' dir='ltr'><strong>sq.</strong></span> 
     </span>
    </p>

    <p class='ocr_par' dir='ltr' id='par_1_4' title="bbox 229 3377 1536 3894">
     <span class='ocr_line' id='line_1_29' title="bbox 318 3377 1534 3464; baseline 0.002 -22"><span class='ocrx_word' id='word_1_265' title='bbox 318 3377 409 3443; x_wconf 88' lang='lat' dir='ltr'><strong>Duae</strong></span> <span class='ocrx_word' id='word_1_266' title='bbox 432 3380 604 3464; x_wconf 88' lang='lat' dir='ltr'><strong>imagines,</strong></span> <span class='ocrx_word' id='word_1_267' title='bbox 632 3383 767 3464; x_wconf 91' lang='lat' dir='ltr'><strong>utraque</strong></span> <span class='ocrx_word' id='word_1_268' title='bbox 790 3379 929 3444; x_wconf 89' lang='lat' dir='ltr'><strong>fortasse</strong></span> <span class='ocrx_word' id='word_1_269' title='bbox 953 3378 1154 3460; x_wconf 88' lang='lat' dir='ltr'><strong>oblitterata,</strong></span> <span class='ocrx_word' id='word_1_270' title='bbox 1183 3400 1202 3442; x_wconf 88' lang='lat' dir='ltr'><strong>a</strong></span> <span class='ocrx_word' id='word_1_271' title='bbox 1226 3377 1395 3443; x_wconf 85' lang='lat' dir='ltr'><strong>venatione</strong></span> <span class='ocrx_word' id='word_1_272' title='bbox 1418 3379 1534 3444; x_wconf 88' lang='lat' dir='ltr'><strong>ductae</strong></span> 
     </span>
     <span class='ocr_line' id='line_1_30' title="bbox 231 3469 1535 3570; baseline 0.003 -22"><span class='ocrx_word' id='word_1_273' title='bbox 231 3469 387 3549; x_wconf 85' lang='lat' dir='ltr'><strong>videntur.</strong></span> <span class='ocrx_word' id='word_1_274' title='bbox 433 3485 519 3550; x_wconf 90' lang='lat' dir='ltr'><strong>Nam</strong></span> <span class='ocrx_word' id='word_1_275' title='bbox 547 3486 632 3552; x_wconf 89' lang='lat' dir='ltr'><strong>feras</strong></span> <span class='ocrx_word' id='word_1_276' title='bbox 658 3485 777 3550; x_wconf 87' lang='lat' dir='ltr'><strong>Atossa</strong></span> <span class='ocrx_word' id='word_1_277' title='bbox 804 3485 900 3570; x_wconf 88' lang='lat' dir='ltr'><strong>fingit</strong></span> <span class='ocrx_word' id='word_1_278' title='bbox 923 3485 1081 3569; x_wconf 91' lang='lat' dir='ltr'><strong>Athenas,</strong></span> <span class='ocrx_word' id='word_1_279' title='bbox 1109 3507 1189 3569; x_wconf 92' lang='lat' dir='ltr'><strong>quas</strong></span> <span class='ocrx_word' id='word_1_280' title='bbox 1213 3484 1334 3550; x_wconf 89' lang='lat' dir='ltr'><strong>Xerxes</strong></span> <span class='ocrx_word' id='word_1_281' title='bbox 1364 3487 1455 3570; x_wconf 89' lang='lat' dir='ltr'><strong>qnasi</strong></span> <span class='ocrx_word' id='word_1_282' title='bbox 1485 3509 1535 3552; x_wconf 87' lang='lat' dir='ltr'><strong>ve·</strong></span> 
     </span>
     <span class='ocr_line' id='line_1_31' title="bbox 229 3586 1536 3678; baseline 0.001 -22"><span class='ocrx_word' id='word_1_283' title='bbox 229 3593 336 3657; x_wconf 87' lang='lat' dir='ltr'><strong>nando</strong></span> <span class='ocrx_word' id='word_1_284' title='bbox 355 3595 533 3678; x_wconf 89' lang='lat' dir='ltr'><strong>captaverit</strong></span> <span class='ocrx_word' id='word_1_285' title='bbox 555 3593 640 3658; x_wconf 87' lang='lat' dir='ltr'><strong>Pers.</strong></span> <span class='ocrx_word' id='word_1_286' title='bbox 665 3618 692 3659; x_wconf 88' lang='lat' dir='ltr'><strong>v.</strong></span> <span class='ocrx_word' id='word_1_287' title='bbox 710 3594 788 3659; x_wconf 80' lang='lat'><strong>233:</strong></span> <span class='ocrx_word' id='word_1_288' title='bbox 821 3587 905 3658; x_wconf 74' lang='grc' dir='ltr'><em>ἀλλὰ</em></span> <span class='ocrx_word' id='word_1_289' title='bbox 930 3587 996 3676; x_wconf 78' lang='grc' dir='ltr'><strong>μὴν</strong></span> <span class='ocrx_word' id='word_1_290' title='bbox 1020 3587 1119 3678; x_wconf 83' lang='grc' dir='ltr'><em>ἵμειρ’</em></span> <span class='ocrx_word' id='word_1_291' title='bbox 1146 3586 1224 3675; x_wconf 82' lang='grc' dir='ltr'><em>ἐμός</em></span> <span class='ocrx_word' id='word_1_292' title='bbox 1251 3601 1327 3668; x_wconf 81' lang='grc' dir='ltr'><em>παῖς</em></span> <span class='ocrx_word' id='word_1_293' title='bbox 1350 3588 1450 3675; x_wconf 82' lang='grc' dir='ltr'><em>τήνδε</em></span> <span class='ocrx_word' id='word_1_294' title='bbox 1473 3600 1536 3676; x_wconf 57' lang='grc' dir='ltr'><strong>δημ</strong></span> 
     </span>
     <span class='ocr_line' id='line_1_32' title="bbox 230 3696 1534 3784; baseline 0.002 -21"><span class='ocrx_word' id='word_1_295' title='bbox 230 3700 329 3784; x_wconf 85' lang='grc' dir='ltr'><em>ρᾶσαι</em></span> <span class='ocrx_word' id='word_1_296' title='bbox 351 3696 459 3765; x_wconf 81' lang='grc' dir='ltr'><em>πόλιν.</em></span> <span class='ocrx_word' id='word_1_297' title='bbox 481 3737 526 3747; x_wconf 98' lang='grc'>-</span> <span class='ocrx_word' id='word_1_298' title='bbox 549 3701 597 3766; x_wconf 87' lang='lat' dir='ltr'><strong>Ae</strong></span> <span class='ocrx_word' id='word_1_299' title='bbox 620 3700 811 3766; x_wconf 86' lang='lat' dir='ltr'><strong>difficillime</strong></span> <span class='ocrx_word' id='word_1_300' title='bbox 835 3699 922 3766; x_wconf 85' lang='lat' dir='ltr'><strong>Iovis</strong></span> <span class='ocrx_word' id='word_1_301' title='bbox 946 3700 1145 3765; x_wconf 88' lang='lat' dir='ltr'><strong>voluntatem</strong></span> <span class='ocrx_word' id='word_1_302' title='bbox 1172 3698 1245 3782; x_wconf 89' lang='lat' dir='ltr'><strong>capi</strong></span> <span class='ocrx_word' id='word_1_303' title='bbox 1267 3721 1362 3782; x_wconf 91' lang='lat' dir='ltr'><strong>posse</strong></span> <span class='ocrx_word' id='word_1_304' title='bbox 1385 3700 1534 3766; x_wconf 82' lang='lat' dir='ltr'><strong>venando</strong></span> 
     </span>
     <span class='ocr_line' id='line_1_33' title="bbox 230 3799 1376 3894; baseline 0 -24"><span class='ocrx_word' id='word_1_305' title='bbox 230 3806 409 3873; x_wconf 86' lang='lat' dir='ltr'><strong>affirmatur</strong></span> <span class='ocrx_word' id='word_1_306' title='bbox 434 3804 544 3890; x_wconf 83' lang='lat' dir='ltr'><strong>Suppl.</strong></span> <span class='ocrx_word' id='word_1_307' title='bbox 567 3829 595 3872; x_wconf 84' lang='lat' dir='ltr'><strong>v.</strong></span> <span class='ocrx_word' id='word_1_308' title='bbox 616 3809 671 3874; x_wconf 88' lang='lat'><strong>86:</strong></span> <span class='ocrx_word' id='word_1_309' title='bbox 703 3803 787 3885; x_wconf 87' lang='grc' dir='ltr'><em>Διὸς</em></span> <span class='ocrx_word' id='word_1_310' title='bbox 809 3808 924 3894; x_wconf 79' lang='grc' dir='ltr'><em>ἵμερος</em></span> <span class='ocrx_word' id='word_1_311' title='bbox 947 3799 1008 3872; x_wconf 88' lang='grc' dir='ltr'><strong>ούκ</strong></span> <span class='ocrx_word' id='word_1_312' title='bbox 1031 3801 1219 3890; x_wconf 76' lang='grc' dir='ltr'><em>εὐθήρατος</em></span> <span class='ocrx_word' id='word_1_313' title='bbox 1242 3801 1376 3890; x_wconf 81' lang='grc' dir='ltr'><em>ἐτύχθη.</em></span> 
     </span>
    </p>

    <p class='ocr_par' dir='ltr' id='par_1_5' title="bbox 228 3911 1534 4212">
     <span class='ocr_line' id='line_1_34' title="bbox 252 3911 1533 3999; baseline 0.002 -23"><span class='ocrx_word' id='word_1_314' title='bbox 252 3953 282 3994; x_wconf 89' lang='lat'><strong>·.</strong></span> <span class='ocrx_word' id='word_1_315' title='bbox 319 3913 445 3996; x_wconf 84' lang='lat' dir='ltr'><strong>Graeci,</strong></span> <span class='ocrx_word' id='word_1_316' title='bbox 483 3913 538 3996; x_wconf 93' lang='lat' dir='ltr'><strong>qui</strong></span> <span class='ocrx_word' id='word_1_317' title='bbox 565 3911 708 3979; x_wconf 90' lang='lat' dir='ltr'><strong>Atticam</strong></span> <span class='ocrx_word' id='word_1_318' title='bbox 744 3917 864 3978; x_wconf 89' lang='lat' dir='ltr'><strong>terram</strong></span> <span class='ocrx_word' id='word_1_319' title='bbox 898 3914 1064 3978; x_wconf 88' lang='lat' dir='ltr'><strong>coluerunt</strong></span> <span class='ocrx_word' id='word_1_320' title='bbox 1097 3915 1371 3997; x_wconf 88' lang='lat' dir='ltr'><strong>conseveruntque</strong></span> <span class='ocrx_word' id='word_1_321' title='bbox 1403 3914 1533 3999; x_wconf 91' lang='lat' dir='ltr'><strong>impedi-</strong></span> 
     </span>
     <span class='ocr_line' id='line_1_35' title="bbox 229 4017 1534 4106; baseline 0.001 -22"><span class='ocrx_word' id='word_1_322' title='bbox 229 4020 346 4084; x_wconf 91' lang='lat' dir='ltr'><strong>mentis</strong></span> <span class='ocrx_word' id='word_1_323' title='bbox 357 4019 484 4103; x_wconf 89' lang='lat' dir='ltr'><strong>amotis,</strong></span> <span class='ocrx_word' id='word_1_324' title='bbox 495 4041 512 4083; x_wconf 93' lang='lat' dir='ltr'><strong>e</strong></span> <span class='ocrx_word' id='word_1_325' title='bbox 522 4020 592 4083; x_wconf 88' lang='lat' dir='ltr'><strong>fera</strong></span> <span class='ocrx_word' id='word_1_326' title='bbox 601 4021 691 4084; x_wconf 92' lang='lat' dir='ltr'><strong>illam</strong></span> <span class='ocrx_word' id='word_1_327' title='bbox 702 4025 856 4103; x_wconf 89' lang='lat' dir='ltr'><strong>tanquam</strong></span> <span class='ocrx_word' id='word_1_328' title='bbox 867 4023 1068 4084; x_wconf 89' lang='lat' dir='ltr'><strong>mansuetam</strong></span> <span class='ocrx_word' id='word_1_329' title='bbox 1079 4018 1226 4083; x_wconf 87' lang='lat' dir='ltr'><strong>fecerunt</strong></span> <span class='ocrx_word' id='word_1_330' title='bbox 1235 4017 1328 4084; x_wconf 80' lang='lat' dir='ltr'><strong>Eum.</strong></span> <span class='ocrx_word' id='word_1_331' title='bbox 1338 4042 1367 4086; x_wconf 86' lang='lat' dir='ltr'><strong>v.</strong></span> <span class='ocrx_word' id='word_1_332' title='bbox 1380 4021 1487 4106; x_wconf 89' lang='lat' dir='ltr'><strong>l3sq.:</strong></span> <span class='ocrx_word' id='word_1_333' title='bbox 1496 4071 1502 4085; x_wconf 91' lang='lat'><strong>.</strong></span> <span class='ocrx_word' id='word_1_334' title='bbox 1511 4069 1534 4085; x_wconf 92' lang='lat'><strong>..</strong></span> 
     </span>
     <span class='ocr_line' id='line_1_36' title="bbox 228 4120 960 4212; baseline 0 -22"><span class='ocrx_word' id='word_1_335' title='bbox 228 4122 337 4209; x_wconf 81' lang='grc' dir='ltr'><em>χθόνα</em></span> <span class='ocrx_word' id='word_1_336' title='bbox 358 4120 540 4212; x_wconf 83' lang='grc' dir='ltr'><em>Ἀνήμερον</em></span> <span class='ocrx_word' id='word_1_337' title='bbox 562 4125 712 4204; x_wconf 86' lang='grc' dir='ltr'><em>τιθέντες</em></span> <span class='ocrx_word' id='word_1_338' title='bbox 735 4121 960 4210; x_wconf 81' lang='grc' dir='ltr'><em>ἡμερωμένην.</em></span> 
     </span>
    </p>

    <p class='ocr_par' dir='ltr' id='par_1_6' title="bbox 227 4231 1532 4960">
     <span class='ocr_line' id='line_1_37' title="bbox 317 4231 1532 4319; baseline 0.002 -21"><span class='ocrx_word' id='word_1_339' title='bbox 317 4231 511 4316; x_wconf 81' lang='lat' dir='ltr'><strong>Saepissime</strong></span> <span class='ocrx_word' id='word_1_340' title='bbox 537 4233 730 4318; x_wconf 87' lang='lat' dir='ltr'><strong>Aeschylus,</strong></span> <span class='ocrx_word' id='word_1_341' title='bbox 758 4257 821 4318; x_wconf 92' lang='lat' dir='ltr'><strong>qua</strong></span> <span class='ocrx_word' id='word_1_342' title='bbox 849 4237 920 4298; x_wconf 90' lang='lat' dir='ltr'><strong>erat</strong></span> <span class='ocrx_word' id='word_1_343' title='bbox 946 4232 1070 4318; x_wconf 89' lang='lat' dir='ltr'><strong>ingenii</strong></span> <span class='ocrx_word' id='word_1_344' title='bbox 1098 4233 1259 4318; x_wconf 85' lang='lat' dir='ltr'><strong>gravitate</strong></span> <span class='ocrx_word' id='word_1_345' title='bbox 1288 4237 1384 4319; x_wconf 92' lang='lat' dir='ltr'><strong>atque</strong></span> <span class='ocrx_word' id='word_1_346' title='bbox 1413 4236 1532 4300; x_wconf 89' lang='lat' dir='ltr'><strong>acerbi·</strong></span> 
     </span>
     <span class='ocr_line' id='line_1_38' title="bbox 228 4339 1531 4434; baseline 0.003 -30"><span class='ocrx_word' id='word_1_347' title='bbox 228 4344 305 4434; x_wconf 77' lang='lat' dir='ltr'><strong>tate,</strong></span> <span class='ocrx_word' id='word_1_348' title='bbox 324 4364 371 4426; x_wconf 91' lang='lat' dir='ltr'><strong>ea,</strong></span> <span class='ocrx_word' id='word_1_349' title='bbox 395 4363 475 4424; x_wconf 89' lang='lat' dir='ltr'><strong>quae</strong></span> <span class='ocrx_word' id='word_1_350' title='bbox 495 4344 570 4405; x_wconf 90' lang='lat' dir='ltr'><strong>sunt</strong></span> <span class='ocrx_word' id='word_1_351' title='bbox 589 4340 778 4424; x_wconf 90' lang='lat' dir='ltr'><strong>inanimata,</strong></span> <span class='ocrx_word' id='word_1_352' title='bbox 802 4340 923 4404; x_wconf 89' lang='lat' dir='ltr'><strong>bestias</strong></span> <span class='ocrx_word' id='word_1_353' title='bbox 943 4339 1067 4404; x_wconf 86' lang='lat' dir='ltr'><strong>effinxit</strong></span> <span class='ocrx_word' id='word_1_354' title='bbox 1085 4340 1271 4404; x_wconf 92' lang='lat' dir='ltr'><strong>hominibus</strong></span> <span class='ocrx_word' id='word_1_355' title='bbox 1292 4341 1427 4406; x_wconf 89' lang='lat' dir='ltr'><strong>infestas</strong></span> <span class='ocrx_word' id='word_1_356' title='bbox 1447 4366 1531 4408; x_wconf 90' lang='lat' dir='ltr'><strong>arre-</strong></span> 
     </span>
     <span class='ocr_line' id='line_1_39' title="bbox 228 4446 1531 4532; baseline 0.003 -21"><span class='ocrx_word' id='word_1_357' title='bbox 228 4452 341 4530; x_wconf 90' lang='lat' dir='ltr'><strong>pentes</strong></span> <span class='ocrx_word' id='word_1_358' title='bbox 362 4448 554 4531; x_wconf 88' lang='lat' dir='ltr'><strong>mordentes,</strong></span> <span class='ocrx_word' id='word_1_359' title='bbox 578 4469 800 4532; x_wconf 88' lang='lat' dir='ltr'><strong>quemcunque</strong></span> <span class='ocrx_word' id='word_1_360' title='bbox 819 4447 1131 4530; x_wconf 86' lang='lat' dir='ltr'><strong>comprehenderunt</strong></span> <span class='ocrx_word' id='word_1_361' title='bbox 1150 4446 1370 4513; x_wconf 84' lang='lat' dir='ltr'><strong>dilacerantes.</strong></span> <span class='ocrx_word' id='word_1_362' title='bbox 1406 4447 1459 4514; x_wconf 83' lang='lat' dir='ltr'><strong>Sic</strong></span> <span class='ocrx_word' id='word_1_363' title='bbox 1478 4451 1531 4515; x_wconf 90' lang='lat' dir='ltr'><strong>ab·</strong></span> 
     </span>
     <span class='ocr_line' id='line_1_40' title="bbox 229 4553 1532 4640; baseline 0.002 -22"><span class='ocrx_word' id='word_1_364' title='bbox 229 4558 350 4620; x_wconf 86' lang='lat' dir='ltr'><strong>straota</strong></span> <span class='ocrx_word' id='word_1_365' title='bbox 371 4555 527 4618; x_wconf 91' lang='lat' dir='ltr'><strong>nonnulla</strong></span> <span class='ocrx_word' id='word_1_366' title='bbox 556 4556 606 4620; x_wconf 87' lang='lat' dir='ltr'><strong>vel</strong></span> <span class='ocrx_word' id='word_1_367' title='bbox 630 4556 727 4620; x_wconf 85' lang='lat' dir='ltr'><strong>verbo</strong></span> <span class='ocrx_word' id='word_1_368' title='bbox 752 4553 864 4640; x_wconf 79' lang='grc' dir='ltr'><em>ἕρπειν</em></span> <span class='ocrx_word' id='word_1_369' title='bbox 888 4555 996 4618; x_wconf 88' lang='lat' dir='ltr'><strong>eiusve</strong></span> <span class='ocrx_word' id='word_1_370' title='bbox 1021 4553 1208 4637; x_wconf 91' lang='lat' dir='ltr'><strong>compositis</strong></span> <span class='ocrx_word' id='word_1_371' title='bbox 1236 4555 1286 4618; x_wconf 85' lang='lat' dir='ltr'><strong>vel</strong></span> <span class='ocrx_word' id='word_1_372' title='bbox 1310 4555 1532 4622; x_wconf 90' lang='lat' dir='ltr'><strong>consimilibus</strong></span> 
     </span>
     <span class='ocr_line' id='line_1_41' title="bbox 228 4661 1532 4746; baseline 0.002 -22"><span class='ocrx_word' id='word_1_373' title='bbox 228 4661 333 4725; x_wconf 86' lang='lat' dir='ltr'><strong>verbis</strong></span> <span class='ocrx_word' id='word_1_374' title='bbox 355 4661 568 4725; x_wconf 89' lang='lat' dir='ltr'><strong>illustrantur.</strong></span> <span class='ocrx_word' id='word_1_375' title='bbox 614 4661 734 4742; x_wconf 88' lang='lat' dir='ltr'><strong>Morbi,</strong></span> <span class='ocrx_word' id='word_1_376' title='bbox 762 4663 817 4746; x_wconf 90' lang='lat' dir='ltr'><strong>qui</strong></span> <span class='ocrx_word' id='word_1_377' title='bbox 841 4661 930 4725; x_wconf 84' lang='lat' dir='ltr'><strong>velut</strong></span> <span class='ocrx_word' id='word_1_378' title='bbox 957 4667 1121 4744; x_wconf 88' lang='lat' dir='ltr'><strong>serpentes</strong></span> <span class='ocrx_word' id='word_1_379' title='bbox 1149 4661 1335 4726; x_wconf 91' lang='lat' dir='ltr'><strong>hominibus</strong></span> <span class='ocrx_word' id='word_1_380' title='bbox 1364 4683 1532 4746; x_wconf 89' lang='lat' dir='ltr'><strong>surrepere</strong></span> 
     </span>
     <span class='ocr_line' id='line_1_42' title="bbox 228 4761 1532 4853; baseline 0.002 -23"><span class='ocrx_word' id='word_1_381' title='bbox 228 4768 345 4851; x_wconf 90' lang='lat' dir='ltr'><strong>solent,</strong></span> <span class='ocrx_word' id='word_1_382' title='bbox 374 4771 411 4832; x_wconf 91' lang='lat' dir='ltr'><strong>nt</strong></span> <span class='ocrx_word' id='word_1_383' title='bbox 433 4770 543 4851; x_wconf 88' lang='lat' dir='ltr'><strong>proonl</strong></span> <span class='ocrx_word' id='word_1_384' title='bbox 570 4769 691 4851; x_wconf 87' lang='lat' dir='ltr'><strong>absint,</strong></span> <span class='ocrx_word' id='word_1_385' title='bbox 710 4768 836 4832; x_wconf 86' lang='lat' dir='ltr'><strong>¹chorus</strong></span> <span class='ocrx_word' id='word_1_386' title='bbox 860 4766 1072 4832; x_wconf 77' lang='lat' dir='ltr'><strong>Eumenidum</strong></span> <span class='ocrx_word' id='word_1_387' title='bbox 1103 4771 1247 4852; x_wconf 84' lang='lat' dir='ltr'><strong>exoptat:</strong></span> <span class='ocrx_word' id='word_1_388' title='bbox 1279 4761 1358 4852; x_wconf 80' lang='grc' dir='ltr'><em>μήδ’</em></span> <span class='ocrx_word' id='word_1_389' title='bbox 1384 4763 1532 4853; x_wconf 82' lang='grc' dir='ltr'><em>όικαρπος</em></span> 
     </span>
     <span class='ocr_line' id='line_1_43' title="bbox 227 4869 1531 4960; baseline 0.003 -24"><span class='ocrx_word' id='word_1_390' title='bbox 227 4869 345 4958; x_wconf 79' lang='grc' dir='ltr'><em>αἰανὴς</em></span> <span class='ocrx_word' id='word_1_391' title='bbox 369 4873 535 4960; x_wconf 85' lang='grc' dir='ltr'><em>ἐφερπέτω</em></span> <span class='ocrx_word' id='word_1_392' title='bbox 555 4871 656 4952; x_wconf 84' lang='grc' dir='ltr'><em>νόσος</em></span> <span class='ocrx_word' id='word_1_393' title='bbox 679 4875 785 4960; x_wconf 82' lang='lat' dir='ltr'><strong>(Eum.</strong></span> <span class='ocrx_word' id='word_1_394' title='bbox 804 4898 833 4939; x_wconf 85' lang='lat' dir='ltr'><strong>v.</strong></span> <span class='ocrx_word' id='word_1_395' title='bbox 853 4873 940 4959; x_wconf 85' lang='lat'><strong>943).</strong></span> <span class='ocrx_word' id='word_1_396' title='bbox 962 4912 1002 4922; x_wconf 92' lang='lat'><em>-</em></span> <span class='ocrx_word' id='word_1_397' title='bbox 1024 4873 1150 4939; x_wconf 85' lang='lat' dir='ltr'><strong>Similes</strong></span> <span class='ocrx_word' id='word_1_398' title='bbox 1171 4877 1247 4938; x_wconf 89' lang='lat' dir='ltr'><strong>sunt</strong></span> <span class='ocrx_word' id='word_1_399' title='bbox 1270 4875 1304 4939; x_wconf 93' lang='lat' dir='ltr'><strong>hi</strong></span> <span class='ocrx_word' id='word_1_400' title='bbox 1323 4875 1397 4940; x_wconf 84' lang='lat' dir='ltr'><strong>loci:</strong></span> <span class='ocrx_word' id='word_1_401' title='bbox 1426 4876 1531 4942; x_wconf 88' lang='lat' dir='ltr'><strong>Prom.</strong></span> 
     </span>
    </p>
   </div>
   <div class='ocr_carea' id='block_1_3' title="bbox 0 0 1810 5542">
    <p class='ocr_par' dir='ltr' id='par_1_7' title="bbox 0 0 1810 5542">
     <span class='ocr_line' id='line_1_44' title="bbox 0 0 1810 5542; baseline 0 3"><span class='ocrx_word' id='word_1_402' title='bbox 0 0 1810 5542; x_wconf 95' lang='lat' dir='ltr'><strong> </strong></span> 
     </span>
    </p>
   </div>
  </div>
 </body>
</html>
