3610 5542
753 378 965 442 ..33-

208 561 304 622 quarn
330 540 471 604 assident
498 541 532 602 in
561 539 721 623 domoque
751 538 819 601 eius
847 536 999 601 habitant
1022 533 1110 618 Sept.
1139 557 1168 599 v.
1191 533 1332 618 851sq.:
1360 531 1409 618 (τί
1430 529 1514 618 φύς)

207 647 243 711 τί
263 641 294 709 d'
321 641 403 710 ἄλλο
432 640 462 729 γ’
489 637 509 728 ἢ
538 641 638 709 πόνοι
666 640 781 727 δόμων
810 641 972 726 ἐφέστιοι;
1001 641 1040 704 ad
1070 662 1151 725 quae
1175 640 1288 705 schol:
1320 631 1403 722 ἢτόι
1432 633 1516 702 κακὰ

209 747 274 816 ἀπὸ
298 754 365 816 τῶν
388 752 500 817 κακῶν
529 752 633 816 οίκεῐ
658 750 695 815 ἐν
718 751 797 836 τῇδε
824 749 864 834 τῇ
889 746 980 834 ἑστίᾳ
1007 744 1156 824 καὶτοῖς
1183 753 1289 822 οίκοις
1309 741 1452 822 τούτοις.
1476 783 1517 792 -

209 858 384 943 Exquisita
413 858 525 942 deinde
549 857 806 922 conformatione
834 855 936 920 fames
964 854 1167 918 tenebrarum
1196 852 1437 919 contubernalis
1459 852 1520 916 fin·

209 967 296 1050 gitur
323 966 384 1048 Ag.
413 987 441 1028 v.
469 966 550 1029 1641
568 988 627 1049 sq:
656 957 674 1028 ὁ
700 959 864 1047 δυσφιλὴς
893 957 999 1049 σκότῳ
1024 956 1131 1042 Λιμὸς
1160 957 1314 1038 ξύνοικος
1343 954 1520 1042 μαλθακόν

210 1066 268 1154 σφ’
301 1070 467 1150 ἐπόψεται.
509 1069 592 1135 Sunt
620 1074 727 1135 autem
757 1070 855 1134 verba
883 1067 1032 1151 Aegisthi
1062 1066 1243 1132 minitantis
1273 1088 1305 1130 se
1333 1089 1421 1148 eum,
1450 1066 1519 1150 qui-

210 1201 333 1263 cunque
364 1179 427 1244 sibi
450 1179 599 1264 regnanti
624 1177 803 1259 obstiterit,
831 1177 865 1239 in
888 1196 1047 1240 carcerem
1071 1175 1284 1258 caliginosum
1313 1194 1382 1237 esse
1412 1171 1520 1237 condi·

209 1289 333 1368 turum,
365 1286 421 1350 ubi
449 1284 550 1348 fames
583 1285 798 1366 tenebraeque
831 1305 904 1346 eum
937 1282 1073 1346 reddant
1105 1284 1319 1346 mansuetum.
1374 1278 1520 1363 Mythica

210 1392 320 1474 opinio
348 1414 426 1455 num
454 1391 488 1454 in
515 1391 576 1455 hac
607 1392 797 1475 metaphora
819 1389 1011 1473 reperiatur,
1039 1389 1114 1472 quia
1138 1387 1252 1452 Fames
1282 1386 1366 1470 apud
1395 1389 1519 1450 veteres

209 1479 330 1562 numen
355 1498 499 1562 divinum
523 1500 574 1561 est
596 1497 718 1561 credita
741 1496 795 1577 (cf.
818 1521 849 1581 p.
864 1493 936 1583 27),
960 1517 1145 1579 quanquam
1168 1517 1228 1582 pro
1252 1497 1339 1558 certo
1363 1492 1520 1556 affirmari

210 1626 277 1668 non
299 1607 422 1687 potest,
446 1603 622 1667 verisimile
640 1608 751 1667 tamen
773 1602 907 1685 videtur,
932 1624 1003 1667 cum
1023 1603 1121 1668 verbo
1142 1598 1299 1679 ἐπόψεται
1322 1598 1451 1664 videndi
1473 1599 1519 1663 fa-

98 1762 103 1770 .
212 1713 314 1775 cultas
338 1708 416 1773 fami
441 1708 628 1772 ascribatur.
670 1708 753 1773 Utut
775 1731 850 1774 vero
872 1713 929 1792 est,
954 1733 1026 1774 cum
1050 1731 1161 1773 omnes
1186 1708 1324 1772 editores
1346 1705 1431 1770 hanc
1454 1710 1520 1770 tra·

214 1817 314 1882 ditam
337 1817 493 1881 librorum
522 1816 727 1902 scripturam,
756 1838 837 1899 quae
865 1815 985 1899 optime
1014 1816 1048 1878 in
1076 1815 1252 1900 imaginem
1281 1813 1427 1898 quadrat,
1455 1833 1520 1876 ser-

211 1924 366 2007 vaverint,
389 1921 529 1986 Keclxius
553 1925 664 1986 tamen
687 1945 725 1986 ex
747 1920 901 1986 Karsteni
925 1923 1111 1987 coniectura
1134 1915 1192 2004 σφ’
1219 1914 1375 1998 ἐπόψεται
1399 1921 1433 1983 in
1456 1936 1521 2002 σφε

210 2028 346 2108 πέψεται
370 2028 518 2093 mutavit.
555 2027 748 2094 Coniectura
773 2051 848 2092 sane
868 2029 1090 2112 sagacissima!
1130 2030 1175 2091 At
1198 2028 1329 2092 omnino
1353 2027 1428 2090 huic
1446 2026 1518 2091 loco

215 2157 296 2219 opus
320 2138 370 2200 est
393 2133 640 2199 emendatione?
672 2134 803 2200 Nodum
827 2135 874 2197 illi
897 2135 931 2197 in
956 2135 1062 2218 scirpo
1087 2134 1285 2218 quaesivisse
1309 2133 1388 2198 mihi
1412 2133 1520 2198 viden·

169 2273 174 2285 ¹
210 2245 272 2304 tur.
308 2238 475 2305 Habemus
500 2241 586 2304 enim
609 2241 730 2305 tradita
753 2240 852 2305 verba
875 2240 904 2304 si
928 2242 1113 2324 retinemus,
1138 2241 1364 2324 metaphoram
1388 2233 1519 2325 grandi-

211 2348 309 2430 loquo
339 2347 490 2431 Aeschyli
518 2347 648 2432 ingenio
677 2351 763 2410 certe
792 2347 1025 2432 dignissimam.
1077 2348 1169 2424 Quod
1197 2369 1273 2411 vero
1301 2347 1457 2432 Keclxius,
1485 2352 1521 2413 ut

212 2475 304 2517 suam
328 2453 516 2536 comprobet
540 2453 746 2537 scripturam,
776 2457 1002 2538 argumentum
1027 2455 1120 2519 affert
1144 2455 1205 2519 hoc
1235 2454 1291 2518 ἐπί
1310 2456 1521 2537 praepositio-

212 2581 284 2624 nem
309 2559 401 2623 verbi
422 2560 593 2642 compositi
618 2556 775 2638 ἐπόψεται
797 2561 920 2625 nullam
948 2560 1103 2625 hocloco
1127 2561 1246 2626 habere
1274 2561 1339 2624 vim
1364 2559 1409 2646 (p.
1433 2561 1522 2645 466),

212 2665 243 2730 id
262 2665 407 2749 profecto
431 2665 512 2729 nihil
532 2666 626 2732 valet.
668 2667 721 2730 An
739 2689 806 2732 non
831 2670 981 2732 sexcenta
1001 2672 1171 2732 occurrunt
1194 2668 1349 2752 exempla,
1372 2669 1429 2732 ubi
1453 2691 1522 2733 ver-

212 2773 291 2837 bum
324 2772 538 2855 compositum
571 2773 657 2839 idem
684 2775 750 2839 fere
784 2774 966 2859 significare
1000 2775 1127 2838 videtur
1157 2778 1255 2859 atque
1288 2775 1445 2858 simplex?
1477 2812 1522 2822 -

213 2877 358 2961 Mythica
387 2877 523 2963 denique
552 2882 683 2945 notione
715 2880 825 2965 Suppl.
856 2904 884 2945 v.
907 2881 973 2945 415
998 2876 1166 2966 Ἀλάστωρ
1195 2881 1338 2964 epitheto
1368 2876 1522 2959 ξύνοικος

217 2985 415 3049 describitur.
436 3007 446 3030 ·

304 3090 425 3166 Quibus
454 3093 630 3176 propositis
655 3094 967 3159 conformationibus
999 3095 1064 3158 iam
1088 3116 1143 3159 eae
1172 3093 1415 3177 perlustrandae
1439 3099 1523 3178 sunt,

213 3198 269 3261 ubi
292 3198 377 3261 inter
400 3221 446 3282 ea,
470 3222 551 3282 quae
571 3223 666 3265 sensu
686 3204 805 3285 carent,
828 3201 979 3265 vicinitas
1003 3201 1200 3266 intercedere
1220 3201 1354 3267 videtur.
1391 3201 1523 3287 Europa

213 3304 313 3388 igitur
340 3307 551 3370 translatione
580 3307 702 3372 scilicet
730 3307 843 3372 attrita
871 3306 971 3371 Asiae
1001 3308 1107 3372 vicina
1138 3311 1270 3372 vocatur
1297 3306 1383 3373 Pers.
1413 3333 1442 3374 v.
1466 3311 1521 3374 67:

212 3412 347 3493 γείτονα
374 3408 495 3496 χώραν.
542 3412 590 3479 Of.
618 3415 715 3477 eiusd.
739 3413 759 3478 f.
789 3437 816 3478 v.
841 3415 919 3479 886:
960 3410 1057 3502 Τήνῳ
1085 3439 1119 3480 τε
1152 3409 1357 3478 σννοίπτονσ’
1378 3409 1523 3497 ’Ἀνδρος

213 3512 421 3600 ἀγχιγείτων.
446 3556 487 3566 -
511 3521 638 3607 τ.,311.
662 3557 703 3566 -
728 3518 889 3584 Montium
912 3544 1010 3605 porro
1035 3521 1202 3586 cacumina
1226 3542 1298 3584 cum
1322 3521 1424 3585 stellis
1448 3543 1522 3586 con·

216 3624 417 3689 suetudinem
437 3626 560 3690 habent
579 3627 685 3691 Prom.
699 3649 728 3692 v.
744 3628 821 3690 721:
842 3623 1097 3711 ἀστρογείτονας
1116 3623 1274 3712 κορυφάς.
1292 3664 1330 3674 -
1348 3627 1395 3692 Ac
1414 3627 1521 3691 tumus

217 3730 257 3794 ad
281 3732 404 3796 caelum
429 3735 558 3798 evolans
582 3735 721 3799 nubibus
746 3735 837 3818 quasi
862 3736 963 3798 utitur
986 3735 1099 3799 vicinis
1124 3734 1233 3818 Suppl.
1257 3758 1286 3798 v.
1312 3735 1391 3798 780:
1422 3735 1523 3818 μέλας

214 3841 376 3921 γενοίμαν
399 3836 525 3916 καπνὸς
548 3840 664 3922 νέφεσι
687 3841 849 3923 γειτονῶν
875 3837 968 3917 Διός.
993 3878 1033 3888 -
1058 3839 1195 3923 Specula
1223 3839 1335 3904 deinde
1359 3862 1457 3924 prope
1482 3842 1523 3904 ab

220 3944 298 4006 urbe
323 3945 385 4008 sita
408 3944 575 4009 vicinitate
598 3952 751 4030 tanquam
776 3969 846 4010 cum
871 3969 909 4010 ea
928 3947 1101 4011 coniuncta
1124 3950 1174 4011 est
1196 3946 1258 4031 Ag.
1277 3969 1304 4011 v.
1324 3947 1403 4011 309:
1428 3941 1522 4012 ἄστύ

217 4052 369 4132 γείτονας
394 4050 533 4128 σκοπός;
557 4053 707 4117 similiter
731 4051 815 4137 Sept.
840 4077 868 4118 v.
892 4055 971 4118 486:
998 4057 1149 4136 γείτονας
1172 4049 1286 4130 πύλας.
1309 4089 1353 4099 -—
1376 4053 1523 4139 Denique

216 4177 254 4219 ex
279 4157 450 4221 abstractis
476 4159 707 4224 venustissima
730 4160 943 4224 translatione
973 4182 1066 4224 curae
1095 4161 1183 4224 cordi
1212 4160 1335 4223 vicinae
1359 4160 1524 4244 finguntur

216 4261 302 4348 Sept.
321 4287 350 4328 v.
371 4265 434 4328 288
451 4287 509 4349 sq:
533 4268 679 4348 γείτονες
703 4263 740 4330 dt
758 4262 879 4351 κόρζας
898 4264 1022 4352 (Herm.
1042 4271 1074 4330 et
1094 4266 1191 4330 Weil.
1213 4266 1294 4330 trad.
1314 4289 1341 4332 v.
1361 4266 1523 4351 καρδίας).

218 4369 391 4454 Μέριμναι
420 4373 608 4456 ζωπυροῦσι
637 4370 759 4455 τάρβος
785 4377 852 4436 κτλ.
876 4411 913 4417 -
943 4371 1050 4456 Atque
1079 4374 1210 4438 morbus
1239 4372 1416 4438 valetudini
1444 4372 1523 4437 adeo

215 4477 338 4542 vicinus
353 4480 495 4562 vocatur,
510 4481 546 4541 ut
561 4500 624 4542 uno
641 4481 767 4543 tantum
783 4480 906 4562 pariete
923 4480 963 4543 ab
979 4501 1017 4544 ea
1032 4481 1154 4545 seclusa
1170 4480 1212 4544 sit
1226 4479 1288 4565 Ag.
1299 4502 1328 4545 v.
1343 4480 1426 4543 1001
1440 4501 1522 4565 sqq:

216 4579 304 4665 μύλα
328 4579 470 4669 γάρτοι
492 4586 551 4660 τᾶς
573 4585 697 4660 πολλοῖς
719 4579 847 4667 ὑγιείας
868 4580 1062 4671 Ἀκόρεστον
1085 4585 1196 4672 τέρμα.
1233 4583 1333 4663 νόσος
1356 4581 1419 4670 γὰρ
1442 4617 1461 4644 υ
1478 4621 1523 4632 -

217 4691 344 4756 Γείτιον
380 4684 554 4775 ὁμότοιχος
586 4691 712 4774 ἐρείδει.
769 4690 919 4757 Ceterum
953 4694 1028 4776 quia
1061 4693 1114 4758 hic
1146 4694 1235 4757 locus
1266 4693 1366 4757 tantis
1399 4692 1523 4756 mendis

218 4796 406 4880 lacunisque
434 4797 627 4881 depravatus
651 4801 714 4882 est,
742 4802 779 4862 ut
807 4799 860 4863 vix
884 4800 1053 4886 quisquam
1083 4823 1156 4864 eum
1183 4801 1218 4862 in
1241 4801 1404 4882 integrum
1432 4799 1523 4863 resti-

218 4905 308 4968 tuere
331 4903 449 4988 possit,
478 4903 558 4968 satis
586 4903 691 4969 habeo
720 4927 791 4970 cum
815 4905 984 4971 Dindorfio
1009 4907 1127 4972 codicis
1150 4905 1236 4972 Flor.
1260 4907 1448 4990 scripturam
1474 4909 1522 4970 at-

1292 5016 1308 5066 3
