3610 5542
753 1313 1125 1436 Praefatio.¹

873 1495 978 1502 -υ--σ-

365 1601 567 1680 Elocutionis
595 1615 795 1700 Aeschyleae
828 1617 913 1701 quod
946 1637 1057 1681 ornnes
1089 1616 1157 1678 fere
1185 1617 1309 1678 veteres
1338 1591 1576 1676 existimatores

275 1724 424 1788 laudibus
454 1723 589 1787 efferunt
616 1719 800 1806 σεμνότητα
828 1728 861 1787 et
888 1719 1218 1807 omnicreantem),
1246 1723 1407 1804 spectasse
1430 1719 1579 1782 videntur

276 1854 340 1896 non
374 1831 469 1896 modo
503 1831 735 1894 sententiarum
768 1831 972 1894 maiestatem
1006 1829 1300 1910 sublimitatemque
1328 1827 1378 1890 vel
1407 1825 1579 1890 verborum

278 1937 471 2022 gravitatem
503 1937 554 1999 vel
588 1936 760 2000 inusitatas
794 1935 945 2020 loquendi
977 1935 1133 2000 formulas
1167 1929 1432 2019 dictionesque2),
1469 1954 1579 1996 verum

277 2045 375 2107 ctiam
398 2044 574 2128 figuratum
598 2043 723 2106 dicendi
747 2063 857 2126 genus,
881 2065 944 2126 quo
967 2043 1007 2106 ad
1026 2043 1154 2108 fabulas
1175 2034 1374 2105 exornandas
1395 2044 1490 2124 atque
1510 2040 1579 2103 illn-

277 2151 427 2214 strandas
455 2173 532 2214 usus
561 2153 610 2214 est
643 2153 749 2233 poeta.
795 2149 963 2214 invenitur
995 2150 1082 2213 enim
1115 2149 1199 2232 apud
1230 2148 1423 2231 Aeschylum
1451 2147 1581 2211 infinita

277 2259 343 2321 fere
371 2257 513 2321 varietas
547 2279 584 2321 ac
617 2256 710 2340 copia
737 2257 914 2340 imaginum
944 2256 1267 2340 metaphorarumque
1300 2276 1453 2339 persaepe
1483 2252 1578 2318 auda·

278 2365 411 2445 ciorum,
436 2385 533 2446 quam
557 2384 636 2446 quas
661 2361 716 2425 alii
740 2365 855 2444 poetae
878 2362 993 2446 tragici
1018 2361 1234 2427 adhibuerint.

368 2468 455 2544 Quas
480 2473 648 2552 poetarum
672 2469 903 2532 translationes
926 2469 1086 2552 imprimis
1111 2469 1195 2553 apud
1220 2469 1377 2552 Graecos,
1402 2471 1582 2554 quaerant

279 2577 379 2641 animi
408 2576 588 2659 alacritate,
621 2575 843 2661 frequentatas
873 2576 1027 2660 indagare
1055 2599 1127 2641 cnm
1156 2581 1188 2641 et
1215 2578 1351 2640 multum
1380 2577 1500 2640 habeat
1527 2576 1581 2641 oh·

277 2683 469 2764 lactationis,
494 2687 526 2745 et
548 2682 697 2746 nonnihil
721 2683 834 2746 afferat
857 2705 922 2747 non
946 2683 1040 2748 modo
1068 2682 1107 2746 ad
1131 2687 1298 2766 poetarum
1322 2684 1465 2766 ipsorum
1490 2686 1581 2746 natu-

278 2812 348 2853 ram
375 2789 594 2874 indolemque,
628 2789 683 2853 sed
711 2791 844 2854 omnino
878 2790 918 2854 ad
946 2795 1090 2855 veterum
1123 2813 1228 2856 mores
1257 2795 1290 2854 et
1317 2792 1469 2855 instituta
1497 2794 1582 2854 recte

279 2895 508 2980 intellegenda,
544 2895 620 2980 quid
658 2897 789 2980 mirum,
827 2897 854 2961 si
888 2900 1019 2962 nostrae
1052 2899 1169 2962 aetatis
1202 2898 1262 2962 viri
1295 2898 1381 2961 docti
1414 2900 1582 2980 troporum

279 3003 604 3086 metaphorarumquc
629 3025 721 3066 usum
747 3003 927 3067 accuratius
951 3004 1161 3087 inspexerunt
1180 3008 1277 3088 atque
1297 3002 1583 3067 examinaverunt?

280 3109 427 3194 Namque
450 3110 505 3173 vix
525 3131 727 3193 quemquam,
751 3110 805 3192 qui
829 3110 1023 3193 primoribus
1046 3114 1175 3174 tantum
1198 3110 1298 3174 labris
1322 3113 1490 3194 poetarum
1515 3131 1583 3173 car-

281 3219 368 3281 mina
388 3217 543 3299 attigerit,
567 3215 677 3301 fugere
697 3217 817 3299 poterit
837 3239 874 3280 ex
895 3217 1100 3301 imaginibus
1124 3217 1240 3301 quibus
1261 3221 1336 3281 sunt
1354 3217 1413 3300 usi,
1436 3221 1469 3280 et
1488 3239 1582 3301 quem

280 3325 342 3407 ipsi
375 3324 459 3388 vitae
497 3344 624 3386 cursum
659 3324 822 3387 tenuerint
865 3345 1062 3409 quarumque
1099 3346 1206 3387 rernm
1244 3324 1430 3408 cognitione
1466 3323 1584 3387 imbuti

280 3432 401 3494 fuerint
425 3429 507 3493 effici
532 3430 666 3513 cogique
690 3453 798 3514 posse,
822 3434 855 3494 et
878 3431 1027 3514 aequales
1052 3431 1178 3514 quibus
1192 3430 1336 3494 moribus
1360 3429 1584 3512 institutisque

280 3538 459 3620 floruerint,
489 3535 604 3621 quibus
633 3537 667 3600 in
695 3539 791 3601 rebus
820 3537 958 3600 maxime
987 3537 1054 3601 sint
1077 3538 1211 3620 versati,
1240 3559 1319 3622 quas
1349 3536 1585 3620 occupationes,

281 3667 361 3730 quae
385 3645 492 3708 studia
514 3643 548 3705 in
573 3642 693 3707 deliciis
717 3644 899 3727 habuerint,
924 3667 1005 3728 quae
1029 3644 1237 3728 neglexerint.
1286 3642 1376 3707 Sicut
1399 3643 1486 3706 enim
1510 3663 1582 3725 poe·

283 3757 351 3816 tam
379 3751 418 3815 ad
448 3751 590 3813 carmina
618 3751 763 3813 ornanda
791 3753 887 3834 atque
915 3750 1125 3813 illuminanda
1154 3772 1207 3813 eas
1237 3750 1395 3832 imprimis
1424 3750 1583 3833 imagines

283 3880 439 3940 usurpare
464 3861 606 3939 apparet,
630 3879 709 3941 quas
735 3879 810 3920 suus
834 3857 919 3920 vitae
943 3879 1034 3940 usus,
1059 3857 1108 3920 sni
1132 3879 1237 3920 mores
1262 3857 1433 3938 studiaque
1457 3857 1486 3918 ei
1511 3878 1585 3938 sup-

283 3965 438 4048 peditant,
462 3965 516 4045 ita,
541 3963 697 4048 siquidem
721 3964 886 4046 popularis
912 3964 981 4027 vult
1004 3985 1086 4047 esse,
1115 3965 1345 4028 translationes
1375 3967 1407 4025 et
1436 3962 1583 4026 similitu-

282 4072 385 4154 dines,
419 4070 534 4154 quibus
568 4093 664 4154 quam
697 4070 835 4133 maxime
869 4071 1072 4152 perspicuum
1106 4071 1342 4154 dilucidumque
1376 4069 1488 4133 reddat
1523 4092 1586 4133 ser-

283 4201 424 4261 monem,
458 4200 512 4240 eas
541 4176 684 4259 proferre
713 4200 778 4242 non
807 4178 917 4259 debet,
950 4199 1030 4260 quae
1065 4201 1083 4241 a
1111 4180 1255 4241 moribus
1288 4161 1419 4259 civium,
1453 4199 1472 4239 a
1500 4176 1585 4239 vitae

283 4283 526 4366 consuetudine,
555 4307 574 4347 a
601 4284 701 4347 totius
730 4289 834 4348 terrae
861 4287 978 4348 natura
1006 4284 1214 4369 abhorreant,
1246 4284 1365 4368 quippe
1389 4305 1461 4347 curn
1485 4284 1507 4346 ii
1532 4284 1584 4366 qui

283 4391 416 4454 audiant
439 4413 503 4454 non
527 4394 595 4454 tam
619 4391 792 4475 cogitando
816 4391 947 4476 fatigari
971 4414 1067 4474 quam
1097 4391 1218 4456 moveri
1242 4395 1274 4454 et
1297 4391 1450 4454 delectari
1474 4389 1586 4454 velint.

281 4487 285 4496 ’
372 4498 494 4574 Quibus
529 4497 566 4560 de
600 4498 704 4561 causis
736 4501 921 4563 nostrorum
957 4499 1086 4582 quidem
1119 4504 1301 4582 temporum
1331 4498 1391 4561 viri
1418 4496 1519 4578 docti,
1551 4499 1587 4558 ut

283 4625 380 4688 supra
413 4604 532 4667 dictum
566 4608 628 4688 est,
666 4605 868 4689 singulorum
901 4609 1070 4689 poctarum
1104 4606 1176 4669 usui
1209 4604 1333 4668 dicendi
1367 4603 1587 4685 metaphorico

283 4711 454 4796 diligenter
478 4711 672 4796 exquirendo
697 4713 849 4796 maxime,
872 4717 909 4776 ut
932 4735 990 4796 par
1014 4718 1076 4798 est,
1104 4734 1236 4796 operam
1261 4712 1425 4775 dederunt.
1470 4709 1586 4792 Impri-

283 4818 343 4881 mis
372 4819 489 4901 tragici
518 4817 630 4882 Graeci
659 4817 881 4903 Pindarusque
910 4819 998 4904 digni
1028 4821 1089 4884 visi
1123 4823 1210 4902 sunt,
1245 4841 1381 4904 quorum
1411 4818 1587 4901 figuratum

283 4924 409 4988 dicendi
443 4946 544 5010 genus
578 4927 758 4989 accuratius
790 4927 1071 5010 pervestigaretur.
1123 4927 1254 4991 Praeter
1284 4948 1337 4990 eas
1371 4924 1587 5008 quaestiones,

1341 5029 1375 5082 q*
