3610 5542
825 385 1048 450 -4g..

284 519 368 628 gere,
394 565 475 629 quae
498 567 549 608 res
573 544 732 610 inanimae
762 545 854 629 quasi
881 541 1021 608 ridentes
1051 543 1212 608 exhibent.
1257 542 1346 608 Mare
1374 543 1475 628 igitur
1501 549 1589 608 tran·

284 649 422 732 quillum
447 650 525 716 solis
549 651 679 735 plenum
704 651 848 736 parvulis
872 649 966 714 undis
990 650 1189 734 succrispum
1217 655 1286 716 tam
1313 651 1432 714 laetam
1455 651 1590 733 praebet
1635 649 1645 670 “
1771 642 1773 673 l

284 756 437 840 speciem,
469 758 506 820 ut
533 757 633 821 risum
662 757 754 822 edere
782 757 834 822 vel
862 757 972 840 potius
1001 757 1146 821 renidere
1173 757 1321 822 videatur
1349 757 1456 821 Prom.
1480 781 1509 822 v.
1533 757 1590 821 90:

284 864 430 926 ποντίων
462 857 619 945 κυμάτων
656 857 851 948 ἀνήριθμον
887 860 1090 949 γέλασμαθῗ).
1122 901 1166 910 -
1198 862 1373 948 Sanguinis
1406 864 1498 947 odor,
1536 864 1591 946 qui

240 1011 244 1020 ·
283 968 454 1034 Furiarum
484 969 616 1034 naribus
645 970 787 1054 afflatur,
815 970 856 1034 iis
885 969 1031 1034 arridens
1060 969 1196 1055 fingitur
1224 970 1316 1036 llum.
1340 993 1369 1033 v.
1394 969 1474 1035 254:
1503 963 1589 1052 όσμὴ

283 1077 446 1159 βροτείων
470 1073 620 1160 αίμάτων
643 1100 682 1160 με
706 1078 883 1162 προσγελᾷ.

372 1179 533 1246 Gaudium
557 1205 632 1248 vero
657 1185 707 1267 iis,
731 1205 813 1268 quae
837 1186 911 1248 sunt
934 1182 1123 1266 inanimata,
1147 1183 1259 1247 datum
1283 1184 1316 1247 in
1340 1205 1500 1248 summam
1523 1183 1588 1247 lae-

281 1289 387 1352 titiam
416 1288 468 1352 vel
498 1289 595 1353 etiam
623 1290 657 1352 in
685 1289 828 1353 furorem
851 1289 988 1353 vertitur
1015 1288 1131 1373 fragm.
1153 1289 1211 1370 64,
1239 1289 1294 1353 ubi
1322 1289 1446 1372 primus
1470 1287 1590 1353 Bacchi

283 1416 432 1460 accessus
456 1394 649 1460 describitur
672 1396 774 1460 hisce:
798 1393 961 1480 ἐνθουσιᾷ
986 1391 1028 1478 δὴ
1053 1395 1156 1479 δῶμα,
1179 1392 1333 1479 βακχεύει
1358 1393 1465 1478 στέγη.

373 1499 438 1564 Res
462 1505 570 1566 autem
598 1503 758 1566 inanimae
786 1503 968 1586 mentisque
996 1502 1145 1567 notiones
1174 1505 1210 1566 ut
1238 1503 1330 1586 quasi
1359 1501 1516 1587 gaudent,
1545 1503 1591 1567 sic

283 1629 411 1690 quoque
435 1608 546 1691 lugere
570 1608 728 1672 videntur.
770 1607 860 1672 Mare
884 1611 917 1672 et
939 1607 1073 1672 flumina
1095 1630 1240 1672 maerore
1265 1607 1385 1672 afflicta
1409 1612 1493 1692 sunt,
1516 1631 1590 1673 cum

282 1715 499 1778 miserrimum
522 1712 689 1780 Atlantem
712 1715 845 1781 videant
868 1715 928 1778 sub
951 1713 1078 1798 ingenti
1106 1736 1203 1778 onere
1231 1714 1311 1779 caeli
1335 1737 1354 1779 a
1376 1713 1453 1779 Iove
1477 1716 1507 1779 ei
1530 1716 1590 1780 im-

283 1820 380 1904 positi
414 1819 681 1906 ingemiscentem
713 1821 819 1885 Prom.
842 1843 871 1884 v.
894 1820 958 1883 431
985 1842 1066 1904 sqq.:
1103 1821 1167 1906 βοᾷ
1205 1817 1243 1886 δὲ
1280 1817 1417 1896 πόντιος
1454 1817 1590 1887 κλάδων

282 1929 504 2010 Συμπίτνων,
528 1925 633 1990 στένει
658 1923 781 2009 βυθός,
809 1921 975 2001 Κελαινὸς
989 1921 1104 2002 ’Ἀίδος
1127 1920 1158 1990 δ’
1188 1920 1368 2010 ὑποβρέμει
1392 1921 1495 2012 μυχός
1518 1930 1589 2011 γᾶς,

281 2036 397 2117 Παγαί
417 2027 454 2097 δ’
480 2027 678 2116 ἁγνορύτων
702 2035 861 2116 ποταμῶν
893 2031 1069 2098 στένουσιν
1097 2028 1198 2114 άλγος
1227 2029 1370 2117 οἰκτρόν.
1398 2071 1434 2080 -
1461 2034 1590 2101 Prome-

281 2141 350 2205 thei
374 2141 590 2204 calamitatem
614 2143 701 2204 terra
724 2139 874 2223 deplorat
898 2137 1003 2203 Prom.
1025 2163 1055 2203 v.
1079 2140 1158 2205 406:
1188 2136 1344 2221 πρόπασα
1368 2135 1401 2203 δ’
1425 2135 1490 2224 ἤδη
1516 2159 1589 2208 στο-

282 2243 361 2312 νόεν
385 2245 499 2311 λέλακε
522 2242 624 2331 χώρα.
651 2285 686 2294 -
719 2245 766 2310 Ac
795 2249 864 2310 tota
888 2246 967 2308 Asia
991 2246 1025 2309 in
1049 2268 1191 2310 summos
1219 2245 1334 2310 incidit
1357 2234 1477 2330 luctus,
1504 2250 1590 2334 quod

281 2357 332 2417 tot
358 2352 477 2418 Persae
505 2353 686 2418 interierint
713 2354 800 2417 Pers.
822 2376 853 2416 v.
877 2352 941 2416 548
967 2374 1025 2435 sq.:
1059 2343 1080 2435 ἦ
1112 2347 1175 2437 γάρ
1208 2349 1364 2439 πρόπασα
1392 2351 1453 2437 μὲν
1482 2355 1591 2420 στένει

281 2455 355 2525 Γαῖ’
391 2455 500 2536 Ἀσιδις
537 2458 766 2544 ἐκκενουμένα.
813 2457 860 2523 Of.
888 2457 975 2524 Pers.
1003 2482 1032 2523 v.
1061 2460 1101 2523 61
1127 2483 1188 2544 sq.‚
1220 2483 1249 2524 v.
1277 2459 1357 2543 922,
1389 2484 1418 2525 v.
1442 2462 1508 2526 682
1532 2485 1589 2547 sq.‚

281 2591 310 2631 v.
327 2567 403 2650 7303
428 2566 488 2651 Ag.
508 2591 537 2632 v.
552 2566 626 2650 545,
648 2566 794 2648 v.1106;
819 2563 905 2647 Sept.
925 2588 953 2629 v.
969 2565 1044 2647 330,
1068 2589 1095 2630 v.
1110 2566 1185 2648 247,
1208 2590 1236 2630 v.
1252 2566 1331 2649 9013
1355 2565 1442 2631 Pers.
1461 2591 1491 2632 v.
1506 2568 1585 2654 5793

282 2673 364 2738 alios
393 2674 495 2757 locos,
526 2693 748 2755 quosnmnea
777 2671 1008 2754 metonymiam
1020 2667 1061 2756 98)
1090 2672 1180 2755 sequi
1207 2671 1300 2736 facile
1329 2673 1522 2738 conceditur.
1546 2713 1588 2722 —

280 2778 349 2842 Nec
374 2779 502 2843 diversa
525 2779 651 2842 ratione
675 2778 839 2842 abstracta
855 2777 940 2841 mihi
959 2776 1110 2841 videntur
1128 2777 1287 2842 illustrari
1306 2777 1449 2862 Ohocph.
1465 2804 1494 2845 v.
1509 2779 1586 2864 3353

280 2884 375 2950 Eum.
399 2908 429 2950 v.
451 2885 532 2968 3803
555 2884 662 2950 Prom.
686 2909 715 2950 v.
738 2885 813 2947 412.

372 2990 489 3055 Infelix
513 2995 645 3057 vocatur
670 2996 702 3056 et
725 2991 805 3055 litus
825 2987 964 3054 Salamis
988 2989 1112 3054 insulae
1131 2989 1218 3056 Pers.
1233 3014 1260 3055 v.
1277 2991 1354 3056 953:
1379 2993 1590 3077 δυσδαίμονα

282 3093 386 3162 ἀκτάν
419 3103 451 3162 et
482 3099 572 3163 focus
606 3097 861 3183 Agamemnonis
892 3096 1005 3161 domus
1039 3094 1180 3180 Choeph.
1208 3120 1236 3160 v.
1264 3098 1320 3162 49:
1359 3093 1398 3163 ίδν
1432 3096 1590 3178 πάνοιζυς

282 3204 381 3270 έστιά.
409 3245 453 3252 -
484 3207 532 3270 Ac
558 3206 663 3269 luctus
691 3185 846 3287 tanquam
874 3202 997 3286 patitur
1029 3204 1079 3266 vel
1108 3204 1229 3286 perfert
1256 3205 1342 3267 mala
1370 3200 1429 3290 Ag.
1454 3229 1482 3270 v.
1505 3207 1589 3272 430:

281 3311 422 3376 πένθεια
446 3308 736 3396 τλησικάρδιοςθθ),
760 3309 917 3394 siquidem
941 3308 1081 3393 genuina
1104 3312 1153 3372 est
1175 3310 1255 3374 haec
1280 3310 1447 3394 scriptura.

369 3419 438 3482 Iam
462 3422 664 3483 transeamus
689 3417 727 3481 ad
753 3439 806 3480 eas
830 3415 998 3500 imagines,
1022 3415 1137 3498 quibus
1162 3417 1280 3481 amoris
1304 3418 1395 3481 notio
1420 3419 1589 3503 metapho-

282 3528 347 3591 rice
377 3526 516 3608 ponitur.
563 3523 804 3589 Venustissima
830 3522 1015 3586 huiusmodi
1044 3522 1211 3607 allegoria,
1239 3546 1302 3608 qua
1332 3525 1455 3588 caelum
1485 3529 1589 3588 terrae

284 3633 418 3696 maritus
444 3631 618 3716 effingitur,
641 3630 757 3716 fragm.
782 3630 821 3693 41
848 3632 967 3711 exstat,
992 3629 1077 3713 quod
1101 3630 1176 3712 quia
1199 3630 1439 3713 elegantissime
1462 3632 1588 3695 confor-

282 3739 383 3802 matio
408 3760 508 3823 usque
533 3737 689 3802 adfinem
708 3737 863 3821 perducta
882 3739 942 3817 est,
966 3740 1072 3800 totum
1092 3735 1289 3800 afferendum
1308 3737 1442 3800 videtur.
1480 3737 1591 3801 Verba

282 3847 392 3931 igitur,
417 3846 533 3928 quibus
556 3843 678 3928 Venus,
702 3845 777 3928 quid
801 3843 905 3927 possit
928 3843 1078 3924 declarat,
1101 3843 1180 3907 haec
1200 3847 1288 3907 sunt:
1309 3837 1386 3923 Έρᾷ
1407 3841 1468 3926 μὲν
1487 3839 1591 3928 ἁγνὸς

283 3947 429 4035 οὐρανὸς
460 3949 584 4036 τρῶσαι
618 3947 744 4033 χθόνα,
773 3944 881 4034 Ἔρως
918 3945 955 4013 δὲ
991 3960 1091 4030 γαῖαν
1128 3946 1290 4032 λαμβάνει
1323 3945 1432 4032 γάμου
1464 3961 1590 4034 τυχεῖν·

274 4055 419 4144 Ὄμβρος
442 4052 473 4121 δ’
500 4050 557 4120 ἄπ’
584 4052 760 4133 εὐνάεντος
784 4050 934 4141 οὐρανοῦ
957 4050 1068 4120 πεσόν
1093 4049 1213 4119 Ἕκυσε
1242 4048 1398 4138 potorii
1428 4051 1465 4119 δὲ
1489 4057 1589 4118 τίκτε-

281 4190 334 4230 ται
358 4168 492 4248 βροτοῖς
515 4159 645 4254 Μήλων
669 4187 704 4227 τε
727 4157 851 4245 βοσκὰς
878 4159 934 4224 καὶ
962 4163 1039 4243 βίον
1063 4157 1272 4244 Δημήτριον·
1302 4162 1494 4245 Δενδράτις
1518 4156 1589 4246 όίρα

282 4268 313 4338 δ’
350 4271 385 4336 ἐκ
417 4273 606 4348 νοτίζοντος
639 4266 749 4352 γάμου
786 4264 917 4344 Τέλειός
955 4267 1031 4332 ἐστι.
1076 4269 1143 4332 των
1177 4263 1208 4331 δ’
1246 4262 1309 4351 ἐγώ
1342 4270 1521 4351 παραίτιος.
1545 4306 1589 4314 -

282 4382 388 4465 Agros
417 4377 532 4441 incolis
561 4376 746 4460 frequentes
775 4375 954 4458 Aeschylus
983 4375 1029 4438 ita
1057 4374 1216 4458 depingit,
1245 4375 1336 4458 quasi
1364 4375 1451 4440 viros
1480 4378 1589 4439 ament

282 4485 370 4569 Sept.
393 4507 421 4548 v.
446 4485 526 4549 902:
559 4481 662 4547 πέδον
692 4464 956 4565 φίλανδρον-
985 4480 1106 4544 Eadem
1135 4481 1202 4544 fere
1231 4481 1374 4564 fingendi
1403 4481 1528 4545 ratione
1557 4485 1589 4544 et

282 4614 407 4674 saxum,
437 4589 521 4674 quod
551 4590 664 4653 avibus
693 4589 853 4674 refugium
881 4590 1028 4673 praebet,
1057 4589 1165 4653 avium
1195 4611 1308 4652 amans
1337 4590 1472 4652 vocatur
1494 4587 1588 4651 Eum.

282 4723 309 4762 v.
324 4700 366 4762 22
383 4720 442 4782 sq.:
466 4693 622 4777 Κωρυκὶς
645 4694 747 4778 πέτρα
770 4746 777 4762 .
801 4749 807 4760 .
827 4746 834 4760 .
858 4698 1013 4781 φίλορνις
1037 4746 1043 4760 .
1063 4746 1096 4760 ..
1122 4691 1353 4778 αδφιλόξενος
1371 4695 1589 4779 Agamemno-

279 4807 330 4868 nis
354 4804 482 4886 domus,
512 4825 609 4887 quam
632 4802 776 4886 hospites
800 4803 1004 4887 frequentare
1029 4804 1176 4867 solebant
1200 4801 1342 4886 Choeph.
1366 4824 1397 4866 v.
1421 4801 1493 4866 656.
1539 4798 1587 4865 Of.

281 4911 379 4976 eiusd.
403 4910 423 4975 f.
443 4934 472 4976 v.
493 4912 571 4996 7123
596 4907 708 4995 Suppl.
730 4933 758 4976 v.
779 4911 853 4975 926.
871 4949 916 4957 -
939 4909 1023 4986 Quin
1047 4910 1144 4974 etiam
1167 4909 1324 4992 temporis
1348 4907 1498 4971 notiones
1522 4929 1586 4972 res-
