3610 5542
751 357 971 421 -43..

182 521 186 526 '
213 553 252 562 -
277 515 405 580 Pariter
429 517 497 600 ipse
522 515 749 602 Agamemnon
771 516 880 602 Argos
904 517 1080 600 alloquitur
1104 513 1195 602 (ibid.
1218 540 1248 584 v.
1265 514 1355 603 810).
1375 554 1415 565 -
1440 515 1516 582 Non

211 623 307 688 modo
325 622 436 688 Iovem
459 627 492 687 et
505 623 702 708 Neptunum,
726 645 837 688 verum
861 624 959 687 etiam
978 622 1073 688 Plisti
1096 623 1202 688 fontes
1225 624 1378 707 implorat
1397 623 1516 707 Pythia

211 729 305 795 Eum.
329 753 357 794 v.
381 731 422 794 27
448 752 507 814 sq:
531 731 698 794 Πλειστοῦ
721 753 755 794 τε
777 724 883 814 πηνάς
906 779 913 794 .
938 779 945 794 .
969 779 976 793 .
999 731 1158 794 καλοῦσα.
1201 728 1247 796 cf.
1272 729 1360 814 Sept.
1383 754 1411 795 v.
1436 731 1514 815 2733
1562 745 1566 752 ’

211 835 274 920 Ag.
289 859 317 900 v.
334 836 428 902 1157.
450 873 490 883 -
514 835 625 900 Etiam
648 836 724 901 Orci
746 842 859 922 portas
883 835 1065 902 Cassandra
1088 837 1263 920 alloquitur
1286 837 1430 920 peritura
1453 837 1515 922 Ag.

212 968 240 1009 v.
266 943 365 1007 1291:
388 937 505 1007 ‘'Ardov
528 938 634 1018 πόλας
658 938 695 1007 el
717 935 812 1008 τάσδ’
840 937 902 1025 ἐγὼ
927 941 1156 1026 προσεννέπω·
1178 937 1375 1027 Ἐπεόχομαι
1399 942 1438 1008 δέ
1455 994 1462 1009 .
1481 994 1517 1009 ..

212 1049 259 1115 Of.
275 1047 416 1134 Choeph.
432 1073 461 1114 v.
476 1048 549 1114 655.
568 1086 603 1096 -·
631 1047 691 1114 Sed
716 1049 793 1134 quid
815 1049 940 1114 multa?
965 1049 1184 1133 exemplorum
1202 1050 1388 1115 huiusmodi
1405 1073 1517 1115 nume-

212 1179 283 1221 rum
306 1155 468 1239 facillime,
491 1156 546 1240 qui
569 1156 666 1239 volet,
689 1155 758 1240 ipse
783 1177 900 1240 augere
924 1155 1051 1239 poterit.

301 1262 426 1327 Deinde
449 1262 535 1326 haud
560 1261 626 1327 seio
651 1284 692 1326 an
715 1261 794 1324 item
816 1261 946 1345 passive
970 1261 1141 1326 abstractis
1160 1261 1326 1326 nonnullis
1345 1262 1516 1330 facultates

208 1369 368 1453 quaedam
387 1368 506 1433 mentis
525 1369 709 1432 tribuantur
728 1367 995 1432 translationibus
1015 1389 1091 1432 voce
1110 1370 1240 1432 σαίνειν
1261 1368 1385 1433 affictis.
1423 1369 1514 1446 Quod

212 1475 345 1540 verbum
374 1497 446 1540 cum
473 1476 602 1559 proprie
630 1474 668 1538 de
696 1475 830 1538 canibus
863 1475 1003 1558 dicatur,
1036 1476 1091 1557 qui
1119 1474 1222 1538 cauda
1249 1474 1516 1563 blandiuntur-⁸⁴),

213 1581 395 1665 Aeschylus
418 1582 465 1645 ita
489 1586 632 1665 usurpat,
656 1582 748 1666 quasi
771 1581 919 1646 homines
937 1582 1055 1646 mentis
1074 1582 1223 1646 notiones
1242 1581 1424 1648 adulentur.
1462 1582 1514 1648 Sic

213 1685 339 1770 Tydeus
364 1688 529 1753 Oeclidam
551 1689 672 1773 illudit,
696 1689 782 1773 quod
806 1693 957 1774 mortem,
980 1711 1021 1752 ne
1045 1688 1151 1772 ipsum
1174 1688 1294 1772 rapiat,
1319 1689 1512 1756 blandiendo

215 1798 371 1880 tanquam
397 1797 522 1860 avertat
545 1793 633 1878 Sept.
648 1819 675 1861 v.
691 1796 771 1860 383:
792 1797 921 1859 σαίνειν
944 1790 1051 1880 μόρον
1074 1818 1109 1859 τε
1125 1791 1188 1868 καλ
1206 1790 1316 1878 μάχην
1335 1788 1515 1882 ἀννχίᾳὸῧ).

214 1899 343 1966 Scilicet
375 1901 455 1965 haec
484 1902 581 1966 verba
612 1902 651 1966 de
693 1925 731 1966 eo
764 1905 839 1966 sunt
866 1902 1096 1986 intellegenda,
1129 1901 1184 1985 qui
1216 1922 1344 1986 pugnae
1376 1903 1519 1986 pericula

214 2008 405 2092 extimescit,
428 2009 552 2091 pariter
576 2010 672 2092 atque
696 2009 795 2073 eiusd.
818 2008 838 2073 f.
863 2031 892 2073 v.
917 2009 994 2090 704,
1018 2008 1074 2072 ubi
1097 2006 1246 2072 Eteocles
1270 2029 1342 2072 cum
1366 2006 1519 2092 Polynice

213 2114 311 2178 fratre
344 2114 561 2178 decertaturus
589 2116 687 2180 choro
716 2115 805 2180 dicit:
837 2117 872 2178 τί
902 2103 967 2179 οὖν
1000 2107 1044 2178 ἔτ’
1075 2106 1119 2178 ἀν
1152 2117 1326 2208 σαίνοιμεν
1360 2109 1520 2201 ὀλέθριον

213 2213 336 2308 μόρον;
361 2219 400 2285 cf.
422 2219 484 2304 Ag.
507 2243 536 2285 v.
560 2221 634 2285 726.

302 2326 578 2403 Quemadmodum
601 2327 652 2392 his
675 2329 757 2394 locis
781 2350 831 2412 ea,
859 2350 941 2412 quae
969 2351 988 2392 a
1018 2329 1164 2392 sensibus
1188 2332 1337 2393 sevocata
1361 2333 1450 2412 sunt,
1478 2329 1519 2394 ab

214 2433 400 2498 hominibus
423 2434 516 2517 quasi
538 2434 705 2500 blanditiis
736 2435 937 2518 afficiuntur,·
961 2435 1007 2499 sic
1034 2435 1181 2500 homines
1209 2439 1364 2520 tanquam
1389 2435 1520 2500 adulan-

216 2543 268 2604 tur
295 2543 328 2604 et
354 2535 415 2623 ἀτη
446 2539 533 2604 Pers.
566 2564 594 2606 v.
618 2543 660 2606 96
684 2565 754 2626 sqq.
787 2538 864 2628 (vid.
891 2565 921 2625 p.
945 2539 1002 2625 43)
1039 2545 1071 2606 et
1099 2541 1189 2617 ε’λπίς
1217 2538 1360 2624 Chocph.
1388 2563 1416 2606 v.
1443 2542 1519 2606 194:

215 2752 270 2816 ubi
293 2753 477 2818 cincinnum
500 2753 535 2817 in
557 2753 659 2836 patris
682 2755 806 2819 tumulo
830 2755 964 2833 invenit,
988 2777 1007 2818 a
1030 2777 1095 2838 spe,
1119 2755 1174 2837 ait,
1197 2777 1230 2820 se
1254 2755 1347 2839 quasi
1378 2754 1521 2839 deleniri,

216 2862 251 2923 ut
274 2859 314 2923 ab
339 2858 451 2927 Oreste
474 2843 582 2924 credit
607 2861 726 2926 crinem
748 2861 840 2924 illum
864 2882 934 2924 esse
958 2860 1150 2943 depositum.

306 2965 391 3029 Hinc
420 2967 484 3030 iam
516 2967 556 3030 ad
584 2989 639 3031 eas
667 2967 825 3051 imagines
853 2967 1105 3050 transducimur,
1138 2967 1254 3050 quibus
1283 2967 1519 3050 quodammodo

219 3071 323 3135 active
347 3074 501 3138 concretis
529 3073 765 3157 abstractisque
794 3095 844 3156 ea,
873 3096 954 3157 quae
983 3074 1101 3137 mentis
1128 3072 1260 3157 propria
1287 3076 1376 3156 sunt,
1404 3074 1520 3156 imper-

217 3177 350 3242 tiuntur.
395 3179 447 3244 lta
478 3179 659 3263 permultae
691 3201 743 3244 res
776 3179 929 3263 loquendi
961 3180 1115 3245 facultate
1148 3179 1311 3263 praeditae
1343 3179 1521 3264 finguntur.

216 3283 427 3351 Nobilissimo
451 3286 506 3350 illo
531 3286 687 3368 carmine,
716 3287 801 3370 quod
830 3287 977 3370 sepulcro
1005 3308 1064 3351 suo
1087 3284 1270 3370 Aeschylus
1298 3286 1432 3351 inscribi
1455 3288 1520 3352 ins·

217 3391 297 3455 sisse
320 3391 431 3475 fertur,
454 3415 566 3456 nemus
591 3392 834 3456 Marathoniam
859 3393 951 3477 quasi
974 3392 1152 3476 praedicat,
1184 3363 1315 3476 quanti
1334 3413 1406 3456 cum
1429 3391 1520 3456 forti-

216 3497 327 3561 tudine
350 3497 418 3582 ipse
442 3504 555 3564 contra
577 3499 692 3564 Persas
716 3501 921 3584 pugnaverit:
950 3492 1057 3582 ἀλκὴν
1081 3491 1112 3561 δ’
1143 3492 1324 3582 εὐδόκιμον
1348 3495 1521 3582 Μαραθώ-

216 3628 292 3668 νιον
315 3600 417 3681 ἀλσος
444 3597 488 3669 ἀν
515 3611 602 3692 είποι
626 3603 755 3692 (fragm.
779 3603 868 3691 450).
893 3643 935 3650 -
959 3604 1177 3670 Pulcherrima
1205 3604 1376 3669 Persarum
1404 3607 1520 3671 tumuli

215 3711 421 3776 illustrantur
443 3711 530 3777 Pers.
554 3736 582 3776 v.
597 3712 661 3776 818
684 3733 767 3794 sqq:
791 3716 886 3786 θῖνες
911 3710 1041 3796 νεκρῶν
1065 3706 1102 3774 δὲ
1125 3707 1180 3774 καὶ
1202 3707 1410 3798 τριτοσπόρῳ
1434 3714 1518 3798 γονῇ

207 3812 348 3902 ’Ἁφωνα
373 3818 581 3900 σημανοῦσιν
605 3813 751 3902 ὄμμασιν
781 3817 914 3901 βροτῶν
937 3811 994 3893 Ὡς
1017 3811 1079 3900 οάχ
1107 3811 1257 3902 ὑπέρφευ
1285 3813 1415 3900 θνητὸν
1439 3813 1521 3884 όντα

216 3918 278 4008 χρὴ
302 3933 451 4008 φρονεῖν.
476 3959 517 3968 ——
542 3922 684 3998 Quercus
709 3923 916 4008 Dodonaeae,
947 3946 964 3988 e
993 3924 1109 4009 quibus
1132 3923 1242 3988 Iovem
1270 3925 1401 3990 oracula
1428 3925 1521 3990 edere

217 4029 333 4094 Graeci
352 4029 525 4094 credebant
541 4029 629 4094 foliis
649 4031 876 4114 strepentibus
894 4032 983 4114 ipsae
1003 4031 1179 4114 loquuntur
1193 4029 1301 4096 Prom.
1315 4053 1343 4094 v.
1359 4031 1423 4095 832
1439 4054 1521 4117 sqq:

217 4137 254 4199 αί
279 4136 485 4222 προσήγοροι
514 4131 675 4222 operef),
702 4131 776 4220 Ὑφ’
810 4125 859 4202 ὧν
891 4133 933 4202 σὺ
966 4137 1123 4222 λαμπρῶς
1155 4131 1279 4202 κούδὲν
1310 4138 1522 4222 αἰνικτηρίως

216 4238 505 4328 Προσηχορεόθης
527 4237 547 4326 ἡ
569 4237 652 4320 Διὸς
670 4239 783 4326 κλεινὴ
804 4241 922 4326 δάμαρ.
947 4280 981 4288 -
1006 4243 1102 4328 Ignes
1123 4244 1215 4328 quasi
1234 4244 1340 4308 nuntii
1359 4243 1519 4330 expugna·

215 4349 337 4413 tionem
370 4349 484 4414 Troiae
521 4350 664 4414 indicant
697 4350 758 4434 Ag.
786 4373 811 4414 v.
837 4351 901 4415 588
926 4373 988 4434 sq.:
1027 4345 1044 4414 ὁ
1074 4351 1203 4436 πρῶτος
1234 4346 1351 4433 νύχιος
1383 4347 1522 4434 ἄγγελος

215 4453 332 4542 πυρός,
359 4452 500 4540 Φράζων
523 4451 650 4520 ἅλωσιν
672 4450 773 4520 Ἰλίου
796 4450 825 4520 τ’
852 4451 1045 4522 ἀνάστασιν.
1093 4457 1238 4533 Quocum
1262 4457 1333 4522 loco
1357 4457 1422 4522 fere
1447 4481 1519 4523 con·

216 4563 360 4628 sentiunt
387 4563 486 4628 eiusd.
514 4563 536 4627 f.
564 4586 592 4628 v.
615 4564 673 4645 21,
703 4586 732 4628 v.
755 4563 813 4647 30,
842 4587 871 4628 v.
894 4564 960 4628 480
990 4562 1043 4648 (cf.
1065 4587 1095 4647 p.
1120 4564 1184 4649 36).
1209 4601 1250 4610 —
1279 4562 1408 4647 Oleum,
1436 4567 1522 4649 quod

216 4670 284 4734 libo
305 4669 555 4754 superfunditur,
579 4692 642 4752 quo
662 4669 788 4734 facilius
808 4671 1006 4754 incendatur,
1030 4671 1147 4734 blande
1168 4671 1260 4754 quasi
1279 4672 1388 4756 ignem
1406 4672 1518 4738 cohor-

216 4779 317 4860 tatur,
345 4780 381 4840 ut
409 4776 598 4842 exardescat
620 4777 682 4860 Ag.
706 4800 735 4842 v.
759 4777 802 4841 92
826 4800 908 4860 sqq:
936 4773 1020 4861 ἀλλη
1050 4773 1081 4840 δ’
1112 4772 1260 4842 ἀλλοθεν
1288 4770 1521 4862 οὐρανομήκης

216 4876 357 4965 Λαμπάς
379 4877 523 4965 ἀνίσχει,
554 4881 822 4968 Φαρμασσομένη
851 4886 1008 4968 χρίματος
1035 4878 1142 4966 ἀχνοῦ
1167 4888 1344 4960 Μαλακαῑς
1367 4878 1520 4950 ἀδόλοισι
