3610 5542
790 381 1010 443 „15..

245 558 303 620 per
327 537 486 602 adiectiva
513 540 692 622 composita
718 539 757 603 ad
782 563 833 621 ea,
863 561 944 624 quae
972 561 991 602 a
1020 560 1172 602 sensuum
1201 539 1405 622 perceptione
1433 543 1557 603 remota

246 645 337 725 sunt,
360 664 396 707 os
415 644 467 708 vel
486 644 597 728 lingua
615 646 824 729 transfertur,
847 645 895 709 ita
912 648 1036 727 tamen,
1055 648 1092 708 ut
1106 666 1212 709 sermo
1227 646 1443 729 intellegatur.
1476 645 1553 708 Plus

245 751 392 815 minusve
420 751 521 835 igitur
550 753 626 837 quin
657 774 769 818 omnes
799 775 859 816 usu
889 753 986 815 tritae
1015 751 1091 834 sint,
1122 752 1265 816 dubitari
1292 753 1418 836 nequit:
1449 751 1556 816 Prom.

246 879 274 920 v.
298 857 376 922 661:
405 854 647 941 αἰολοστόμους
673 855 858 943 χρησμούς,
883 858 968 944 quod
998 857 1084 922 Todt
1111 860 1130 921 l.
1154 859 1174 921 l.
1198 882 1228 943 p.
1252 860 1295 923 20
1322 860 1556 942 interpretatur
1601 859 1604 864 ’

245 964 516 1048 „vaticinationes
547 966 629 1030 varii
662 967 727 1030 oris
761 967 781 1029 i.
809 989 834 1029 e.
864 965 1007 1049 ambigui
1036 964 1180 1029 sensus“.
1209 1003 1251 1010 -
1285 965 1391 1030 Prom.
1422 989 1450 1030 v.
1475 965 1554 1030 953:

247 1067 472 1154 σεμνόστομός
499 1073 624 1156 μῦθος,
654 1073 674 1136 i.
698 1095 722 1136 e.
754 1095 816 1137 vox
843 1072 1056 1158 ,magniloqua
1087 1063 1149 1154 (cf.
1170 1071 1231 1156 Ag.
1261 1094 1288 1135 v.
1316 1072 1408 1136 1399.
1445 1071 1554 1157 Suppl.

245 1201 274 1242 v.
297 1176 385 1263 948).
413 1215 449 1224 -
476 1177 585 1263 Suppl.
608 1202 636 1243 v.
662 1179 739 1244 775:
769 1174 948 1266 εὐγλώσσῳ
978 1180 1085 1266 φρενί.
1110 1215 1151 1222 -
1179 1178 1284 1243 Prom.
1308 1200 1338 1242 v.
1363 1179 1440 1246 172:
1469 1186 1556 1264 μελι-

244 1279 410 1366 γλώσσοις
433 1290 573 1360 πειθοῦς
595 1283 840 1370 ἑποιθαῐσινῧο).

334 1391 383 1455 De
407 1391 541 1455 maxilla
564 1387 723 1479 (γνάθος)
749 1392 968 1477 metaphorice
993 1392 1139 1456 adhibita
1162 1393 1271 1456 videas
1290 1396 1309 1473 ξ
1329 1394 1358 1458 9.
1381 1429 1417 1440 -
1441 1393 1557 1458 Restat

246 1497 413 1562 adicienda
436 1520 501 1563 una
523 1498 632 1583 imago
656 1499 695 1564 de
719 1500 834 1583 capitis
854 1499 1002 1582 partibus
1021 1498 1167 1564 deducta.
1205 1499 1374 1563 Invenitur
1393 1501 1478 1565 enim
1494 1501 1556 1586 Ag.

244 1625 273 1667 v.
288 1603 367 1688 306,
389 1605 445 1668 ubi
464 1605 613 1669 flammae
632 1606 735 1670 barba
753 1606 921 1670 tribuitur:
945 1601 1072 1690 φλογὸς
1092 1604 1196 1689 μέγαν
1210 1607 1371 1690 πωγῶνα,
1395 1629 1458 1691 quo
1473 1608 1556 1670 nihil

244 1708 311 1774 fere
335 1711 487 1776 audacius
512 1715 623 1776 noster
647 1711 809 1775 effinxerit
833 1710 885 1796 (cf.
909 1711 1014 1777 Prom.
1037 1734 1065 1774 v.
1093 1709 1201 1797 1044).

333 1816 403 1881 Iam
427 1822 464 1882 ut
485 1817 526 1881 ad
546 1840 600 1881 eas
619 1819 848 1883 translationes
867 1819 1124 1903 progrediamur,
1148 1841 1230 1904 quae
1251 1821 1397 1884 aeeteris
1417 1820 1552 1908 humani

247 1925 391 2008 corporis
414 1925 560 2009 partibus
580 1925 767 2009 desumptae
787 1930 876 2010 sunt,
888 1926 939 1989 -ad
958 1930 1098 2010 tergum,
1123 1927 1199 2011 quia
1218 1927 1337 1991 collum
1353 1931 1385 1991 et
1403 1927 1554 1991 humeros

247 2034 344 2112 poeta
384 2033 541 2095 translate
581 2055 647 2097 non
687 2034 867 2116 usurpavit,
907 2033 1001 2096 nobis
1035 2033 1268 2097 transeundum
1304 2038 1361 2098 est.
1414 2033 1554 2118 Tergum

246 2137 345 2222 igitur
368 2138 465 2224 idque
489 2141 648 2204 excelsum
671 2139 810 2204 Dodona
833 2140 932 2204 habet
955 2139 1063 2205 Prom.
1082 2163 1110 2205 v.
1130 2141 1208 2204 830:
1232 2134 1293 2222 τὴν
1317 2135 1555 2225 αἰπύνωτονθῑ)

245 2239 331 2328 ἀμφὶ
350 2241 537 2330 Δωδώνην.
558 2285 600 2292 -
621 2244 726 2311 Simili
751 2246 845 2310 modo
869 2268 957 2310 mare
980 2247 1072 2330 quasi
1096 2249 1188 2330 tergo
1212 2246 1394 2330 praeditum
1418 2251 1476 2330 est,
1498 2270 1555 2330 per

247 2352 332 2435 quod
355 2353 412 2416 lux
436 2353 515 2417 facis
540 2354 693 2418 advolare
713 2353 911 2438 Troiamque
931 2358 1149 2438 expugnatam
1170 2375 1240 2418 esse
1259 2349 1410 2418 nuntiare
1429 2353 1556 2419 videtur

245 2456 306 2542 Ag.
326 2480 354 2522 v.
369 2459 447 2524 286:
467 2510 474 2526 .
494 2511 500 2524 .
521 2511 528 2524 .
546 2456 671 2526 πόντον
691 2455 775 2526 ὥστε
797 2462 951 2541 νωτίσαι,
972 2454 1079 2543 Ἰσχός
1097 2461 1262 2545 πορευτοῦ
1282 2457 1463 2544 λαμπάδος.
1495 2457 1555 2523 Oui

245 2565 366 2650 legenti
389 2566 468 2630 haec
491 2587 557 2630 non
581 2568 728 2631 venitin
750 2542 889 2630 mehtcm
913 2565 1122 2631 Homericum
1142 2567 1237 2630 illud:
1261 2561 1360 2651 εὐρέα
1379 2568 1469 2632 νῶτα
1492 2574 1555 2631 θα-

245 2666 390 2755 λάσσηςλ
429 2670 491 2737 Sed
515 2673 646 2738 dubium
671 2674 800 2758 quidem
824 2676 1034 2757 potestesse,
1058 2676 1167 2736 utrum
1189 2677 1299 2758 poeta,
1323 2674 1378 2736 ubi
1398 2673 1436 2737 de
1456 2676 1554 2738 maris

245 2782 336 2862 tergo
364 2779 449 2864 agit,
479 2780 520 2843 ab
548 2780 678 2844 homine
707 2781 832 2844 duxerit
860 2780 1107 2844 translationem
1144 2802 1186 2843 an
1220 2781 1261 2843 ab
1300 2781 1446 2862 animali,
1479 2781 1555 2865 quia

245 2907 346 2968 mare,
370 2890 468 2969 prout
490 2907 541 2950 res
565 2888 730 2970 postulare
753 2886 935 2969 videbatur,
959 2887 1054 2950 modo
1078 2887 1166 2950 illius
1191 2883 1313 2972 (Prom.
1332 2910 1362 2952 v.
1380 2885 1438 2974 90)
1459 2889 1554 2952 modo

244 2991 339 3056 huius
363 2994 467 3077 speeie
492 2992 593 3077 (Pers,
617 3016 644 3058 v.
661 2990 716 3078 72)
740 2993 888 3057 indutum
913 2996 970 3057 est.
998 2991 1085 3078 (Vid.
1109 2996 1128 3073 ξ
1150 2991 1196 3078 9.)
1219 3029 1262 3038 -
1287 2991 1392 3058 Semel
1417 2994 1553 3079 denique

244 3099 290 3162 rei
313 3100 457 3164 infinitae
482 3122 607 3185 quoque
631 3104 758 3184 tergum
783 3098 964 3182 Aeschylus
988 3099 1167 3182 impertivit
1187 3096 1297 3182 Suppl.
1311 3122 1340 3165 v.
1356 3099 1399 3164 90
1414 3121 1470 3184 sq,
1496 3100 1551 3164 ubi

245 3206 416 3288 exponitur
438 3207 471 3270 id
490 3206 575 3290 quod
598 3205 685 3270 lovis
709 3205 844 3270 consilio
869 3209 965 3289 atque
985 3209 1065 3272 nutu
1084 3205 1255 3288 probatum
1276 3210 1309 3269 et
1327 3206 1553 3271 confirmatum

246 3312 302 3394 sit,
325 3312 461 3377 firmiter
484 3334 587 3397 neque
612 3313 761 3396 supinum
787 3313 898 3376 eadere
922 3312 941 3375 i.
961 3333 986 3375 e.
1011 3312 1226 3376 certissimum
1247 3313 1343 3376 finem
1368 3317 1465 3398 atque
1489 3316 1552 3377 exi-

244 3424 314 3482 tum
342 3419 475 3485 habere:
507 3423 616 3484 πίπτει
650 3413 680 3481 θ’
707 3413 854 3503 άσφαλὲς
887 3412 962 3482 οὐδ’
997 3416 1050 3482 ἐπὶ
1083 3415 1193 3506 νώτῳ,
1229 3421 1373 3506 Κορνφᾷ
1407 3416 1492 3494 Διὸς
1526 3422 1557 3484 εί

244 3528 377 3612 κρανθῇ
405 3527 540 3610 πρᾶγμα
567 3526 702 3591 τέλειον.
753 3525 944 3590 Rectissime
973 3527 1072 3610 enim,
1105 3530 1142 3589 ut
1171 3527 1318 3609 equidem
1348 3531 1442 3611 pute,
1473 3527 1553 3590 Din-

245 3633 365 3697 dorfius
394 3633 530 3698 Weilius
560 3634 615 3697 alii
645 3633 838 3698 scholiastae
866 3633 967 3697 secuti
996 3637 1072 3697 sunt
1100 3634 1363 3717 explicationem:
1396 3635 1426 3696 εί
1457 3632 1496 3697 δέ
1522 3658 1553 3698 τι

244 3735 379 3826 άννσθῇ
402 3742 448 3829 τῷ
472 3738 609 3823 νεύματι
632 3741 693 3805 τοῦ
718 3736 817 3822 Διός,
846 3733 1004 3822 ἀσφαλῶς
1030 3741 1138 3804 πίπτει
1166 3737 1221 3802 καὶ
1249 3735 1471 3824 εὐσχημόνως.
1514 3738 1550 3805 τὸ

244 3841 309 3932 γάρ
344 3845 396 3912 ε’πλ
426 3843 522 3934 νότῳ
553 3851 683 3912 πίπτειν
712 3843 792 3922 τοὺς
824 3842 1005 3922 παλαιστάς
1035 3841 1187 3930 άσχημόν
1218 3846 1315 3913 ἐστιν.
1366 3846 1449 3922 Quid
1480 3870 1554 3912 vero

245 3951 354 4016 Hense
377 3953 397 4016 l.
422 3953 442 4017 l.
466 3977 496 4038 p.
520 3955 563 4018 66
592 3954 654 4018 sibi
681 3954 772 4037 velit,
802 3976 874 4018 cum
901 3957 1007 4017 terrae
1033 3956 1162 4036 tergum
1192 3955 1366 4017 arbitretur
1393 3954 1455 4018 hoc
1481 3955 1552 4020 loco

250 4059 439 4145 significari,
464 4082 596 4143 prorsus
621 4083 688 4125 non
711 4061 920 4146 intellegitur.

334 4165 519 4251 Sequuntur
542 4167 764 4251 metaphorae,
792 4155 868 4231 licet
895 4168 991 4252 plane
1014 4167 1218 4252 evanuerint,
1245 4167 1284 4230 de
1313 4170 1386 4232 sinu
1410 4169 1552 4233 humano

245 4275 375 4338 ascitae:
408 4275 514 4338 Prom.
542 4297 569 4338 v.
595 4274 673 4338 837:
704 4270 786 4359 πρὸς
819 4273 923 4358 μέγαν
955 4272 1081 4339 κόλπον
1110 4269 1200 4351 Ῥεάς
1231 4274 1284 4361 (cf.
1311 4275 1396 4340 Pers.
1420 4297 1448 4340 v.
1472 4275 1555 4362 486)

245 4379 284 4446 de
312 4381 384 4445 sinu
412 4381 511 4445 maris
539 4381 673 4464 dietum,
702 4403 767 4465 qua
790 4382 940 4466 loquendi
963 4381 1089 4446 ratione
1117 4403 1176 4446 nos
1205 4404 1331 4466 quoque
1355 4383 1483 4447 utimur.
1508 4418 1548 4427 —

244 4486 355 4552 Etiam
388 4487 552 4552 Minervae
586 4492 712 4552 scutum
746 4471 891 4574 (aegida)
926 4488 997 4552 sinu
1030 4488 1212 4571 praeditum
1245 4490 1427 4553 invenimus
1459 4489 1553 4553 Eum.

246 4617 274 4659 v.
289 4594 369 4659 404:
392 4591 519 4659 κόλπον
538 4595 676 4677 αἰγίδος,
690 4631 735 4640 ——
749 4593 848 4658 Cuius
868 4595 954 4659 haud
974 4595 1138 4658 dissimilis
1153 4596 1262 4680 imago
1281 4599 1344 4679 est,
1368 4617 1431 4678 qua
1451 4597 1554 4678 clipeo

246 4723 343 4766 cavus
366 4706 480 4766 venter
503 4701 690 4766 attribuitur
713 4702 800 4785 Sept.
824 4724 853 4766 v.
872 4701 937 4766 495
952 4723 1011 4785 sq.:
1035 4696 1148 4785 όφεων
1173 4698 1209 4766 δὲ
1228 4698 1441 4766 πλεκτάναισι
1464 4705 1554 4786 περί.-

246 4809 374 4891 όρομον
397 4805 496 4884 κότος
520 4805 800 4892 Προσηθάφισται
823 4804 1082 4892 κοιλογάστορος
1105 4804 1239 4874 κόκλον.

336 4913 578 4980 Translationes
603 4916 643 4980 ab
662 4915 814 4980 umbilico
834 4916 953 4999 petitas
973 4917 1160 5002 priusquam
1180 4915 1232 4980 hic
1252 4915 1439 5001 adiungam,
1463 4938 1553 5000 prae-
