3610 5542
762 374 891 438 -arr
938 410 1047 446 -,

218 535 264 598 rei
295 535 393 598 etiam
421 534 616 617 Aeschylum
647 532 733 597 haud
765 533 916 617 ignarum
945 533 1044 596 fuisse
1076 532 1157 596 mihi
1188 532 1316 616 quidem
1347 534 1523 598 verisimile

160 651 169 666 ’
218 640 352 724 videtur,
375 639 494 726 quippe
518 640 573 724 qui
596 661 662 704 non
685 661 804 723 paucas
828 639 1034 721 metaphoras
1054 639 1095 702 ab
1115 658 1267 722 agrorum
1286 639 1411 703 cultura
1430 661 1520 704 accu-

220 747 381 811 ratissime
401 747 532 831 cognita
551 750 716 812 mutuatus
737 743 835 831 sit94).
853 781 887 790 —
911 742 1022 807 Etiam
1042 745 1172 828 ignibus
1188 743 1303 807 Troiae
1323 747 1520 828 expugnatio

219 854 310 938 quasi
335 853 452 937 gaudio
475 857 533 936 est,
555 853 601 917 ita
625 857 661 917 ut
684 854 761 917 laeti
785 853 995 935 libentesque,
1018 873 1085 915 non
1106 845 1191 930 πρὸς
1209 853 1298 933 βίαν,
1323 849 1523 933 Clytaemne-

219 963 304 1024 strae
336 960 486 1025 nuntium
518 959 659 1043 perferre
689 959 859 1024 videantur
892 957 953 1042 Ag.
975 980 1003 1021 v.
1027 957 1090 1021 287
1117 978 1199 1040 sqq:
1233 952 1327 1039 ἰσχὺς
1357 960 1523 1039 πορευτοῦ

218 1063 389 1148 λαμπάδος
411 1061 494 1152 πρὸς
517 1060 647 1150 ἡδονὴν
667 1061 870 1150 ’ὣτίσντοθῆ
899 1059 1123 1146 χρυσοφεγγὲς
1150 1057 1195 1138 ὥς
1222 1087 1272 1138 τις
1298 1057 1392 1145 ἥλιος
1415 1063 1524 1141 Σίλας

218 1176 480 1256 παραγγείλασα,
515 1176 691 1238 Μακίστου
724 1168 862 1247 axonae·
896 1165 913 1234 ὁ
948 1163 978 1232 d'
1015 1164 1088 1234 οὔτι
1121 1167 1251 1250 μέλλων
1280 1175 1347 1232 κτλ.
1393 1168 1523 1252 Optime

220 1279 391 1343 sublimem
410 1279 494 1344 hanc
513 1281 685 1364 imaginem
706 1278 846 1342 Keckius
871 1278 917 1340 sic
935 1275 1085 1340 reddidit:
1111 1275 1181 1358 „die
1199 1275 1287 1339 kraft
1307 1276 1361 1339 der
1381 1277 1522 1340 wander-

218 1385 359 1468 flamme,
393 1387 442 1469 ja!
474 1387 534 1451 mit
565 1386 665 1451 voller
696 1385 762 1450 lust
794 1383 876 1468 Flog
908 1384 966 1466 sie,
1001 1378 1062 1446 de‘n
1094 1382 1266 1466 goldglanz
1300 1383 1387 1446 einer
1417 1385 1522 1466 tages·

219 1513 319 1556 senne
353 1493 458 1576 gleich
491 1491 622 1557 Schnell
650 1493 761 1555 weiter
792 1489 944 1575 tragend,
975 1489 1058 1553 nach
1086 1486 1251 1552 Makistos'
1282 1492 1406 1552 werten
1438 1488 1523 1555 hin.“

218 1597 332 1683 Itaque
357 1601 418 1664 etsi
442 1600 643 1664 coniecturas
667 1598 707 1662 ad
731 1598 761 1662 h.
776 1599 796 1664 l.
814 1597 958 1681 prolatas
981 1596 1086 1676 mitto,
1109 1617 1189 1679 quas
1212 1595 1292 1658 nihil
1316 1594 1381 1658 fere
1404 1595 1524 1660 referat

219 1703 271 1768 hic
294 1707 489 1789 perscrutari
513 1743 555 1752 —
585 1707 672 1770 hunc
696 1705 782 1769 enim
805 1704 911 1768 locum
935 1703 1042 1786 aliqua
1065 1723 1104 1764 ex
1127 1706 1219 1784 parte
1243 1723 1313 1765 esse
1336 1705 1523 1785 corruptum

219 1833 331 1876 omnes
359 1812 424 1876 fere
452 1813 646 1877 recentiores
676 1813 815 1876 editores
847 1810 1054 1875 consentiunt
1082 1845 1124 1854 -
1152 1808 1284 1872 minime
1311 1811 1420 1872 tamen
1449 1830 1522 1891 pos·

220 1939 291 1981 sum
320 1939 384 1982 non
408 1919 590 2002 vituperare
618 1917 772 1982 Pearsoni
799 1916 956 1981 Passowii
984 1914 1105 1999 Engeri
1134 1915 1338 1998 scripturam,
1367 1937 1431 1998 qua
1458 1919 1524 1980 tra-

219 2023 320 2087 ditam
353 2019 457 2105 ,,ττρὸς
489 2018 639 2107 ἡδονήν“
672 2025 705 2088 in
738 2019 844 2108 ,πρὸς
877 2018 1038 2106 ἐκδοχήνίι
1075 2025 1287 2086 mutaverunt.
1332 2021 1463 2087 Etenim
1496 2024 1524 2087 si

220 2130 391 2193 nobiscum
422 2131 661 2196 consideramus
695 2129 987 2213 Clytaemnestram
1025 2127 1195 2192 admodum
1230 2128 1348 2192 laetam
1384 2151 1523 2195 commo·

220 2238 351 2318 tamque
383 2258 440 2318 per
467 2241 572 2302 totam
602 2238 822 2302 narrationem
855 2235 928 2300 inde
957 2258 976 2299 a
1003 2258 1030 2300 v.
1050 2237 1112 2300 281
1143 2256 1243 2318 usque
1277 2236 1316 2298 ad
1344 2259 1372 2302 v.
1397 2237 1462 2302 316
1491 2243 1524 2302 et

219 2345 346 2406 montes
379 2344 551 2425 praeclaris
584 2343 895 2408 conformationibus
926 2343 994 2406 vita
1030 2343 1121 2426 quasi
1154 2340 1295 2405 humana
1328 2343 1458 2408 induere
1491 2349 1524 2409 et

219 2447 324 2530 ignes,
360 2448 516 2532 numquid
549 2450 679 2532 mirum,
717 2448 801 2534 quod
833 2449 885 2514 his
919 2450 1016 2512 etiam
1048 2470 1139 2512 suum
1173 2449 1318 2531 impertit
1350 2450 1523 2534 gaudium?

221 2551 265 2616 At
287 2554 344 2617 illa
367 2556 551 2620 coniectura
573 2559 703 2639 recepta
721 2577 828 2620 nonne
852 2555 961 2620 omnia
981 2576 1082 2639 paene
1105 2554 1224 2639 frigere
1247 2555 1396 2620 videntur
1418 2561 1523 2622 trans·

222 2657 351 2724 lationis
380 2662 509 2745 quidem
540 2663 572 2726 vi
599 2663 694 2745 plane
722 2662 852 2726 deleta?
898 2661 1005 2746 Atque
1033 2662 1124 2725 nullo
1157 2661 1293 2746 denique
1325 2667 1419 2746 pacto
1452 2686 1523 2729 cum

221 2765 340 2832 Weilio
367 2767 472 2833 facere
499 2792 645 2853 possum,
678 2769 733 2854 qui
760 2769 938 2833 Hermanni
970 2769 1160 2853 scripturam
1194 2771 1306 2858 σκοπῷ
1335 2767 1409 2856 (pro
1438 2771 1524 2855 vulg.

221 2885 358 2951 σκοπαῖς
384 2877 434 2939 vel
462 2873 601 2956 σκοπάς)
628 2876 676 2939 ita
703 2875 873 2939 defendere
902 2874 963 2938 sibi
990 2874 1130 2957 videtur,
1158 2879 1194 2938 ut
1221 2882 1382 2959 „montem
1410 2900 1523 2943 somno

222 2979 341 3043 vietum
366 3003 406 3046 ne
432 2981 628 3065 Aeschylum
653 2982 781 3064 quidem
804 2979 942 3045 dixissc“
970 2980 1101 3045 adnotet
1128 2978 1172 3065 (p.
1195 2982 1259 3067 17).
1304 2984 1437 3048 Atenim
1461 3007 1524 3069 qua

222 3084 350 3150 tandem
386 3087 424 3152 de
457 3110 554 3153 causa
586 3087 747 3170 Aeschylo
780 3109 847 3152 non
883 3087 974 3152 licuit
1011 3088 1045 3151 in
1076 3088 1138 3152 hoc
1175 3089 1345 3154 verborum
1380 3112 1524 3156 connexu

219 3191 277 3256 illa
300 3195 489 3278 metaphora
512 3194 582 3258 uti?
629 3196 682 3258 An
706 3217 780 3259 vero
809 3194 893 3258 aliae
921 3195 1097 3258 nonnullae
1121 3195 1394 3261 conformationes
1419 3198 1459 3261 ab
1484 3220 1522 3262 eo

221 3297 314 3360 fictae
344 3301 449 3365 minus
479 3302 614 3366 audacia
645 3302 830 3366 exsultant?
877 3302 979 3366 Immo
1016 3302 1096 3366 mihi
1126 3301 1256 3386 quidem
1287 3325 1379 3368 mons
1410 3325 1523 3369 somno

221 3409 334 3488 captus
358 3408 391 3470 in
414 3408 613 3494 imaginandi
637 3410 757 3493 vigore,
780 3414 816 3474 ut
838 3411 885 3474 ita
909 3410 1026 3494 dicam,
1049 3410 1282 3493 propemodum
1305 3411 1416 3475 cedere
1440 3411 1522 3476 vidc-

220 3516 275 3576 tur
301 3515 375 3598 rupi
397 3515 460 3598 illi,
488 3539 568 3600 quae
596 3517 743 3580 solitaria
771 3539 879 3582 secum
908 3517 1068 3582 meditans
1096 3517 1280 3601 depingitur
1307 3513 1383 3601 (vid.
1406 3541 1436 3601 p.
1455 3519 1520 3602 45).

220 3655 264 3664 —-
287 3618 360 3703 Ipse
391 3622 505 3688 deinde
536 3623 674 3708 angulus
705 3623 826 3688 divitiis
857 3623 995 3687 conditis
1024 3627 1181 3708 tanquam
1210 3609 1351 3688 laetatur
1378 3623 1522 3708 Choeph.

219 3747 248 3790 v.
273 3725 352 3789 801:
384 3730 599 3812 πλουτογαθῆ
633 3727 749 3813 μυχόν.
795 3729 891 3795 Falso
923 3753 996 3794 mea
1029 3731 1157 3816 quidem
1191 3732 1350 3795 sententia
1382 3735 1414 3794 et
1446 3731 1521 3796 Pas·

222 3833 341 3896 sowius
370 3836 402 3896 et
429 3831 550 3916 Papius
577 3857 688 3900 vocem
717 3833 952 3920 πλοντογαθής
979 3837 1251 3920 interpretanturz·
1277 3837 1394 3919 „durch
1422 3839 1522 3904 reich·

222 3938 314 4002 thum
347 3938 546 4022 erfreuend“‚
583 3940 743 4006 debebant
774 3943 992 4026 interpretari:
1028 3943 1148 4027 „durch
1180 3943 1361 4008 reichthum
1394 3945 1523 4028 erfreut,

223 4043 290 4106 sich
313 4044 446 4110 freuend
465 4068 517 4110 arn
540 4047 750 4132 reichthum“,
772 4071 846 4113 cum
868 4046 990 4132 γήθεον
1009 4052 1058 4115 vel
1079 4055 1211 4134 γηθεῖν,
1235 4054 1347 4133 utpote
1372 4051 1455 4134 quod
1481 4053 1524 4116 sit

220 4152 351 4215 verbum
376 4153 575 4236 reflexivum,
598 4175 777 4238 nunquam,
807 4155 892 4238 quod
915 4156 1029 4238 sciam,
1052 4155 1222 4219 transitive
1246 4157 1450 4242 adhibeatur,
1478 4160 1524 4222 ita

221 4259 256 4318 ut
279 4256 324 4319 sit
346 4257 447 4340 „alios
471 4257 589 4341 gaudio
614 4258 788 4325 afficiens“.

308 4362 417 4428 Etiam
444 4364 619 4428 abstractis
648 4370 779 4430 eatenus
808 4367 959 4450 gaudium
988 4369 1155 4452 tribuitur,
1189 4375 1226 4434 ut
1258 4393 1296 4435 ea
1323 4374 1454 4455 perinde
1484 4396 1521 4439 ac

220 4473 371 4534 concreta
397 4471 495 4535 verbo
524 4473 653 4554 χαίρειν
684 4477 717 4537 et
744 4474 867 4538 salvere
900 4478 933 4537 et
961 4475 1066 4539 valere
1100 4476 1281 4542 iubeantur.
1327 4478 1378 4544 Sic
1405 4502 1520 4562 praeco

221 4577 371 4642 omnibus
395 4599 475 4661 quas
499 4577 613 4642 Graeci
637 4581 819 4663 acceperint
847 4582 1089 4646 calamitatibus
1119 4584 1257 4648 multam
1286 4586 1420 4648 salutem
1444 4586 1523 4650 dicit

219 4685 281 4766 Ag.
294 4705 323 4747 v.
337 4685 416 4749 b'l2:
434 4681 490 4748 καὶ
504 4682 610 4749 πολλὰ
626 4689 753 4772 χαίρειν
769 4683 991 4774 σομφορὰςθὸ)
1005 4689 1154 4767 καταξιῶ.
1187 4688 1236 4755 Of.
1250 4691 1325 4755 ibid.
1340 4713 1367 4754 v.
1383 4691 1447 4755 250
1462 4714 1522 4774 sq.;

218 4788 329 4873 Eurip.
353 4790 447 4856 Here.
470 4791 529 4856 fur.
553 4816 582 4856 r.
607 4792 685 4857 575:
708 4789 896 4878 χαιρόντων
916 4791 1025 4861 πόνοι.

309 4895 402 4960 Haud
427 4900 563 4963 alienum
589 4920 659 4964 esse
683 4901 809 4966 videtur
836 4903 889 4966 hic
917 4925 971 4967 eas
1000 4926 1127 4989 quoque
1155 4904 1361 4989 metaphoras
1390 4906 1520 4970 subiun-
