3610 5542
841 387 1055 452 -34„

292 539 419 624 tulisse,
447 562 522 606 nam
546 543 774 628 conformatio,
797 568 894 630 quarn
918 547 1022 611 solam
1046 569 1208 631 curamus,
1236 550 1357 614 tradita
1380 551 1505 615 videtur
1528 573 1599 616 esse

291 645 428 732 integra.

380 754 521 821 Etiamsi
550 757 584 822 in
612 758 810 844 imaginibus
838 759 977 843 prolatis
1008 761 1073 824 iam
1101 783 1152 844 ea,
1185 783 1266 846 quae
1294 764 1411 826 mentis
1438 763 1599 828 humanae

291 863 424 946 propria
448 867 536 947 sunt,
565 865 661 929 rebus
684 866 836 930 inanimis
860 866 933 930 addi
957 866 1164 932 manifestum
1190 873 1253 952 est,
1281 869 1354 952 plus
1380 873 1488 934 tamen
1512 892 1529 934 e
1553 893 1599 935 se·

291 970 464 1052 quentibus
488 991 526 1036 ea
549 972 674 1038 elucent
697 973 975 1055 translationibus,
998 975 1115 1057 quibus
1139 978 1289 1040 concreta
1313 976 1540 1060 abstractaque
1563 979 1597 1042 iu

291 1098 329 1140 ea
354 1077 446 1160 quasi
465 1078 654 1144 condicione
679 1080 837 1144 collocata
861 1084 945 1164 sunt,
968 1083 1005 1144 ut
1023 1082 1152 1145 conscia
1175 1087 1283 1147 mente
1305 1104 1439 1146 munere
1458 1085 1596 1167 quodam

287 1182 382 1270 fungi
419 1183 596 1251 videantur.
641 1186 891 1270 Dithyrambum
929 1186 1030 1270 igitur
1061 1187 1241 1272 Aeschylus
1275 1189 1421 1272 depinxit
1457 1213 1596 1276 pompae

288 1291 448 1356 Bacchiae
477 1293 601 1358 socium
627 1291 742 1378 fragm.
766 1294 845 1359 392:
882 1292 998 1377 πρέπει
1023 1290 1250 1379 Διθύραμβον
1279 1289 1437 1377 ὁμαρτεῖν
1460 1293 1598 1379 Σύγκω-

288 1418 354 1479 μον
372 1394 435 1483 (sic
453 1397 617 1463 Porsonus
637 1420 695 1482 pro
715 1399 797 1464 trad.
816 1422 845 1464 v.
860 1396 1053 1483 σύγκοινον,
1078 1400 1162 1484 quod
1181 1423 1341 1485 nusquam
1361 1391 1494 1488 legitur)
1516 1409 1596 1488 Διο-

288 1501 389 1591 νάσῳ.
414 1541 457 1551 -
482 1503 613 1589 Cilissa,
637 1505 761 1570 Orestis
785 1505 909 1588 nutrix,
932 1528 1005 1571 cum
1028 1505 1132 1570 tristis
1156 1507 1306 1590 prodeat,
1334 1507 1381 1570 ita
1404 1510 1498 1573 nobis
1521 1533 1596 1593 pro-

289 1611 430 1695 ponitur,
451 1613 544 1695 quasi
561 1612 811 1676 sollicitudinem
830 1605 993 1697 ingratam
1011 1611 1131 1676 habeat
1150 1613 1301 1678 comitem
1317 1611 1459 1698 Chocph.
1475 1638 1504 1682 v.
1519 1617 1597 1680 733:

288 1713 374 1800 λύπη
398 1713 545 1802 άμισθός
568 1719 641 1783 έστί
661 1734 715 1782 σοι
740 1717 952 1803 ξυνέμπορος.

376 1823 406 1888 Α
435 1847 599 1890 servorum
628 1825 742 1889 deinde
770 1819 957 1890 condicione
989 1825 1109 1908 petitae
1137 1826 1234 1890 haece
1267 1827 1476 1913 metaphorae
1508 1829 1593 1911 apud

287 1935 435 1997 nostrum
463 1932 575 1997 obviae
604 1934 693 1997 sunt:
723 1933 784 2017 Ag.
813 1954 842 1995 v.
865 1933 931 1996 944
951 1954 997 2017 sq.
1022 1931 1236 2014 pulcherrime
1265 1934 1362 1998 calcei
1390 1933 1597 2000 illustrantur

286 2039 406 2123 pedum
431 2038 524 2122 quasi
544 2039 641 2104 servi:
664 2032 750 2102 ὑπαί
769 2061 818 2115 τις
836 2031 985 2124 ἀρβύλας
1004 2034 1091 2102 Λύοι
1109 2035 1218 2121 τάχος,
1241 2035 1434 2121 πρόδουλον
1454 2041 1594 2123 ἔμβασιν

286 2141 399 2236 ποδός.
420 2181 458 2192 -
480 2145 609 2232 Fragm.
636 2147 699 2210 194
727 2146 875 2211 vehicula
899 2167 1063 2210 servorum
1086 2145 1192 2208 locum
1219 2150 1334 2229 agunt:
1367 2147 1477 2210 ἵππων
1503 2142 1593 2212 ὅνωυ
1625 2132 1636 2142 “

285 2248 316 2316 τ’
342 2247 434 2336 ὀχεῖα
457 2249 513 2317 καὶ
536 2251 670 2338 ταύρων
693 2248 798 2337 γονάς
816 2247 910 2328 Δοὺς
928 2246 1111 2317 ἀντίδουλα
1133 2249 1188 2315 καὶ
1211 2247 1327 2316 πόνων
1347 2250 1531 2337 ἐκδέκτορα.
1554 2292 1592 2302 -

288 2357 373 2425 Urbs
403 2363 588 2446 expugnata
614 2363 748 2423 vocatur
776 2381 868 2424 serva
896 2357 983 2441 Sept.
1005 2380 1033 2421 v.
1057 2359 1120 2422 321
1142 2381 1202 2443 sq.:
1244 2354 1378 2442 οἰκτρὸν
1406 2357 1472 2445 γάρ
1496 2359 1593 2426 πόλιν

287 2453 347 2531 οἷδ’
374 2461 523 2551 ύγνγίαν
545 2461 638 2553 Ἀΐδᾳ
661 2463 836 2550 προϊάψαι,
860 2461 960 2549 δορὸς
983 2459 1101 2549 άγραν,
1126 2465 1266 2533 δουλίαν
1289 2469 1356 2530 κτλ.

375 2572 426 2639 Ab
455 2572 636 2656 imperandi
664 2575 769 2636 autem
799 2571 850 2635 vel
879 2570 1066 2634 dominandi
1094 2572 1227 2634 notione
1256 2576 1354 2654 poeta
1381 2571 1440 2636 has
1470 2575 1594 2638 consor

286 2681 444 2744 motiones
474 2680 573 2746 duxit.
623 2676 809 2761 Stellarum,
842 2698 923 2760 quae
951 2677 985 2740 in
1014 2678 1102 2741 caelo
1130 2680 1323 2742 nocturnam
1353 2679 1444 2762 quasi
1472 2680 1595 2744 habent

286 2787 483 2870 contionem,
516 2786 700 2870 splendidos
734 2785 829 2849 duces
859 2784 986 2848 extollit
1016 2783 1135 2847 Sirium
1165 2782 1318 2849 Orionem
1347 2785 1496 2849 Pleiadas
1530 2787 1594 2850 alia

285 2894 434 2978 signiferi
467 2892 553 2958 orbis
588 2894 706 2978 sidera,
739 2914 819 2979 quae
853 2892 930 2956 anni
963 2894 1110 2974 tempora
1140 2890 1284 2955 indicant
1316 2890 1375 2976 Ag.
1409 2914 1437 2954 v.
1461 2892 1482 2954 4
1507 2915 1593 2976 sqq.:

285 2995 419 3085 άστρων
446 2996 585 3065 κάτοιδα
608 2999 777 3084 νυκτέρων
802 2993 983 3083 ὁμήγυριν,
1016 2995 1083 3061 Καὶ
1111 2993 1190 3073 τοὺς
1218 2997 1382 3082 φέροντάς
1410 3008 1506 3081 χεῖμα
1536 2997 1594 3062 καὶ

284 3106 386 3192 θέρος
418 3110 551 3192 βροτοῖς
579 3100 762 3189 Λαμπρούς
794 3100 975 3184 δυνάστας,
1009 3100 1234 3185 ἐμπρέποντας
1261 3102 1383 3188 αἰθέρι.
1414 3141 1451 3187 ‘T
1483 3103 1593 3188 Navis,

286 3235 368 3299 quae
391 3215 496 3297 prima
520 3213 561 3277 ad
583 3214 660 3277 litus
685 3211 858 3295 appellitur
882 3208 921 3272 ad
941 3209 1047 3272 Danai
1071 3207 1155 3271 filias
1174 3209 1355 3293 capiendas,
1378 3203 1513 3293 ἡγεμών
1538 3235 1590 3296 ap-

284 3322 424 3404 pellatur
446 3300 570 3406 (Suppl.
595 3342 623 3384 v.
640 3318 725 3405 722).
753 3355 789 3363 -
816 3315 1028 3380 Prometheus
1053 3336 1139 3398 sanc,
1164 3315 1203 3378 ad
1229 3315 1313 3398 quod
1338 3314 1505 3381 devinctus
1532 3321 1588 3402 est,

285 3428 378 3512 quasi
406 3429 504 3492 servit
532 3427 621 3491 velut
649 3426 779 3490 domino
809 3419 957 3508 atrocill)
987 3421 1092 3486 Prom.
1119 3444 1148 3485 v.
1173 3422 1237 3486 968
1254 3445 1313 3506 sq.:
1346 3433 1502 3504 κρεῖσσον
1527 3419 1591 3506 γάρ

285 3529 377 3619 οἶμαι
400 3535 480 3620 τῇδε
504 3529 676 3619 λατρεύειν
699 3531 801 3616 πέτρᾳ
817 3524 864 3594 Ἢ
879 3527 977 3614 πατρὶ
1000 3530 1106 3613 φῦναι
1127 3525 1211 3612 Ζηνὶ
1235 3522 1353 3591 πιστδν
1376 3523 1527 3609 άγγελον.
1548 3563 1589 3573 -

285 3641 390 3707 Simili
414 3641 508 3706 modo
529 3641 640 3725 iugum
659 3639 737 3703 feris
757 3638 946 3721 impositum
971 3634 1205 3722 quodammodo
1227 3633 1268 3696 iis
1288 3634 1434 3716 imperat,
1458 3635 1509 3699 oui
1533 3636 1590 3699 ob·

286 3749 377 3833 sequi
401 3751 559 3834 cogantur
578 3747 686 3810 Proin.
709 3768 736 3811 v.
756 3745 820 3809 462
837 3767 893 3828 sq.:
918 3739 1056 3821 κάζευξα
1075 3740 1204 3824 πρῶτος
1228 3738 1264 3804 ἐν
1278 3741 1416 3822 ,ζυγοῖσι
1434 3737 1590 3805 κνώδαλα

285 3850 465 3938 Ζεύγλαισι
489 3847 741 3937 δουλεύοντα64)
764 3855 830 3915 κτλ.
1095 3940 1098 3946 Ι

373 3961 436 4027 Hie
460 3962 539 4026 duas
559 3960 752 4044 subiungere
772 3956 852 4022 mihi
870 3957 967 4021 lioe'at
985 3953 1226 4037 translationes,
1251 3975 1332 4036 quae
1351 3952 1414 4014 alio
1433 3952 1503 4014 loco
1523 3971 1589 4014 non

284 4070 365 4133 bene
393 4069 588 4133 inseruntur.
634 4066 793 4149 Procella,
824 4087 886 4148 qua
913 4083 1011 4127 naves
1040 4061 1247 4143 franguntur,
1278 4059 1408 4122 navium
1435 4061 1589 4142 tanquam

284 4177 389 4239 malus
422 4180 472 4240 est
502 4180 614 4258 pastor
641 4173 702 4258 Ag.
730 4194 759 4239 v.
779 4170 856 4236 657:
893 4163 1012 4259 ᾤχοντ’
1044 4167 1100 4252 (sc.
1127 4164 1226 4252 ναῦς)
1258 4160 1403 4248 άφαντοι
1435 4164 1591 4248 ποιμένος

283 4283 387 4347 κακού
416 4279 546 4368 στρόβῳ
571 4277 625 4368 (cf.
649 4283 669 4360 ξ
689 4280 723 4362 9,
750 4301 780 4361 p.
800 4273 867 4361 52).
894 4313 931 4322 -
960 4275 1065 4358 Atque
1093 4273 1217 4338 homini
1251 4271 1369 4335 silentii
1398 4271 1504 4336 officio
1534 4273 1590 4335 oh-

284 4389 396 4454 stricto
421 4389 521 4453 clavis
541 4386 633 4472 quasi
657 4388 764 4450 custos
788 4383 822 4446 in
840 4382 953 4465 lingua
977 4384 1026 4444 est
1048 4379 1162 4464 fragm.
1182 4379 1260 4442 307:
1295 4373 1368 4441 άλλ’
1395 4379 1463 4441 ἔστι
1488 4371 1589 4460 κάμοὶ
1630 4413 1634 4422 -

283 4493 363 4582 κλῂς
383 4495 434 4561 ἐπὶ
454 4490 586 4580 γλώσσῃ
607 4491 723 4577 φύλαξ.
761 4490 849 4566 Quae
869 4488 966 4552 verba
985 4489 1019 4550 in
1038 4485 1246 4570 proverbium
1271 4484 1337 4547 fere
1357 4485 1492 4548 cessisse
1511 4482 1591 4546 mihi

283 4605 433 4668 videntur
458 4603 510 4686 (cf.
531 4602 592 4686 Ag.
610 4623 638 4664 v.
655 4597 721 4685 36).

372 4710 474 4776 Porro
498 4706 664 4773 nonnullis
692 4704 774 4771 locis
798 4726 860 4768 vox
888 4699 1059 4786 σύμμαχος
1082 4699 1240 4764 translate
1269 4695 1377 4780 posita
1400 4699 1457 4758 est.
1505 4695 1591 4760 Nam

283 4819 355 4902 ipsa
377 4820 464 4881 terra
488 4815 683 4880 Graecorum
707 4811 842 4896 fingitur
866 4809 1005 4874 adiutrix
1030 4807 1116 4870 Pers.
1138 4828 1167 4869 r.
1188 4804 1251 4867 792
1267 4824 1347 4886 sqq.:
1374 4795 1457 4884 αύτν)
1483 4794 1589 4886 γάρὴ

282 4927 325 5009 γῆ
341 4921 508 5008 ξύμμαχος
521 4925 645 4998 κείνοις
654 4919 745 4984 πέλει
756 4970 762 4984 .
773 4968 798 4983 ..
813 4920 1001 4982 Κτείνουσα
1016 4914 1100 5004 λιμῷ
1116 4909 1194 4987 τοὺς
1204 4905 1435 4995 ὑπερπόλλους
1443 4905 1589 4993 ἄγαν.-
