<?xml version="1.0" encoding="UTF-8"?>
<!DOCTYPE html PUBLIC "-//W3C//DTD XHTML 1.0 Transitional//EN"
    "http://www.w3.org/TR/xhtml1/DTD/xhtml1-transitional.dtd">
<html xmlns="http://www.w3.org/1999/xhtml" xml:lang="en" lang="en">
 <head>
  <title>
</title>
<meta http-equiv="Content-Type" content="text/html;charset=utf-8" />
  <meta name='ocr-system' content='tesseract 3.04.00' />
  <meta name='ocr-capabilities' content='ocr_page ocr_carea ocr_par ocr_line ocrx_word'/>
</head>
<body>
  <div class='ocr_page' id='page_1' title='image "./deconformationu00rittgoog_0031.png"; bbox 0 0 3610 5542; ppageno 0'>
   <div class='ocr_carea' id='block_1_1' title="bbox 837 369 1051 434">
    <p class='ocr_par' dir='ltr' id='par_1_1' title="bbox 837 369 1051 434">
     <span class='ocr_line' id='line_1_1' title="bbox 837 369 1051 434; baseline 0 -18"><span class='ocrx_word' id='word_1_1' title='bbox 837 369 1051 434; x_wconf 58' lang='lat'><strong>..25-</strong></span> 
     </span>
    </p>
   </div>
   <div class='ocr_carea' id='block_1_2' title="bbox 287 523 1598 2219">
    <p class='ocr_par' dir='ltr' id='par_1_2' title="bbox 287 523 1598 1257">
     <span class='ocr_line' id='line_1_2' title="bbox 288 523 1597 617; baseline 0.003 -25"><span class='ocrx_word' id='word_1_2' title='bbox 288 523 402 605; x_wconf 88' lang='grc' dir='ltr'><strong><em>πνοάς.</em></strong></span> <span class='ocrx_word' id='word_1_3' title='bbox 444 527 557 614; x_wconf 83' lang='lat' dir='ltr'>Neque</span> <span class='ocrx_word' id='word_1_4' title='bbox 581 551 661 612; x_wconf 91' lang='lat' dir='ltr'><strong>opus</strong></span> <span class='ocrx_word' id='word_1_5' title='bbox 684 550 754 592; x_wconf 89' lang='lat' dir='ltr'><strong>esse</strong></span> <span class='ocrx_word' id='word_1_6' title='bbox 780 527 965 595; x_wconf 88' lang='lat' dir='ltr'><strong>coniectura</strong></span> <span class='ocrx_word' id='word_1_7' title='bbox 987 529 1110 617; x_wconf 79' lang='lat' dir='ltr'><strong>Engeri</strong></span> <span class='ocrx_word' id='word_1_8' title='bbox 1137 531 1286 616; x_wconf 89' lang='lat' dir='ltr'><strong>quamvis</strong></span> <span class='ocrx_word' id='word_1_9' title='bbox 1318 531 1466 616; x_wconf 88' lang='lat' dir='ltr'><strong>speciosa</strong></span> <span class='ocrx_word' id='word_1_10' title='bbox 1494 533 1597 616; x_wconf 81' lang='lat' dir='ltr'><strong>„dvo-</strong></span> 
     </span>
     <span class='ocr_line' id='line_1_3' title="bbox 287 630 1594 726; baseline 0.005 -28"><span class='ocrx_word' id='word_1_11' title='bbox 287 630 508 718; x_wconf 74' lang='grc' dir='ltr'><strong><em>θνήσκονοα“</em></strong></span> <span class='ocrx_word' id='word_1_12' title='bbox 528 635 683 700; x_wconf 86' lang='lat' dir='ltr'><strong>aKeckio</strong></span> <span class='ocrx_word' id='word_1_13' title='bbox 703 635 930 718; x_wconf 86' lang='lat' dir='ltr'><strong>recepta-satis</strong></span> <span class='ocrx_word' id='word_1_14' title='bbox 946 638 1030 702; x_wconf 83' lang='lat' dir='ltr'><strong>mihi</strong></span> <span class='ocrx_word' id='word_1_15' title='bbox 1045 638 1173 722; x_wconf 90' lang='lat' dir='ltr'><strong>quidem</strong></span> <span class='ocrx_word' id='word_1_16' title='bbox 1188 639 1361 722; x_wconf 89' lang='lat' dir='ltr'><strong>probatum</strong></span> <span class='ocrx_word' id='word_1_17' title='bbox 1375 643 1425 704; x_wconf 88' lang='lat' dir='ltr'><strong>est</strong></span> <span class='ocrx_word' id='word_1_18' title='bbox 1443 639 1492 722; x_wconf 91' lang='lat' dir='ltr'><strong>iis,</strong></span> <span class='ocrx_word' id='word_1_19' title='bbox 1512 663 1594 726; x_wconf 87' lang='lat' dir='ltr'><strong>quae</strong></span> 
     </span>
     <span class='ocr_line' id='line_1_4' title="bbox 289 737 1594 830; baseline 0.004 -24"><span class='ocrx_word' id='word_1_20' title='bbox 289 763 352 806; x_wconf 89' lang='lat' dir='ltr'><strong>van</strong></span> <span class='ocrx_word' id='word_1_21' title='bbox 376 741 505 808; x_wconf 88' lang='lat' dir='ltr'><strong>Heusde</strong></span> <span class='ocrx_word' id='word_1_22' title='bbox 527 742 574 828; x_wconf 91' lang='lat' dir='ltr'><strong>(p.</strong></span> <span class='ocrx_word' id='word_1_23' title='bbox 588 737 668 828; x_wconf 82' lang='lat'><strong>316)</strong></span> <span class='ocrx_word' id='word_1_24' title='bbox 692 746 725 806; x_wconf 93' lang='lat' dir='ltr'><strong>et</strong></span> <span class='ocrx_word' id='word_1_25' title='bbox 748 741 886 807; x_wconf 87' lang='lat' dir='ltr'><strong>Wcilius</strong></span> <span class='ocrx_word' id='word_1_26' title='bbox 910 741 954 827; x_wconf 85' lang='lat' dir='ltr'><strong>(p.</strong></span> <span class='ocrx_word' id='word_1_27' title='bbox 974 742 1030 830; x_wconf 79' lang='lat'><strong>67)</strong></span> <span class='ocrx_word' id='word_1_28' title='bbox 1055 745 1096 810; x_wconf 89' lang='lat' dir='ltr'><strong>ad</strong></span> <span class='ocrx_word' id='word_1_29' title='bbox 1114 745 1145 810; x_wconf 91' lang='lat' dir='ltr'><strong>h.</strong></span> <span class='ocrx_word' id='word_1_30' title='bbox 1165 746 1184 809; x_wconf 93' lang='lat' dir='ltr'><strong>l.</strong></span> <span class='ocrx_word' id='word_1_31' title='bbox 1199 744 1410 810; x_wconf 85' lang='lat' dir='ltr'><strong>adnotarunt</strong></span> <span class='ocrx_word' id='word_1_32' title='bbox 1426 746 1594 812; x_wconf 82' lang='lat' dir='ltr'><strong>-Etiam</strong></span> 
     </span>
     <span class='ocr_line' id='line_1_5' title="bbox 289 849 1597 936; baseline 0.003 -22"><span class='ocrx_word' id='word_1_33' title='bbox 289 871 339 934; x_wconf 91' lang='lat' dir='ltr'><strong>ea,</strong></span> <span class='ocrx_word' id='word_1_34' title='bbox 365 871 447 934; x_wconf 88' lang='lat' dir='ltr'><strong>quae</strong></span> <span class='ocrx_word' id='word_1_35' title='bbox 471 849 560 914; x_wconf 90' lang='lat' dir='ltr'><strong>cerni</strong></span> <span class='ocrx_word' id='word_1_36' title='bbox 583 871 650 915; x_wconf 90' lang='lat' dir='ltr'><strong>uon</strong></span> <span class='ocrx_word' id='word_1_37' title='bbox 673 852 823 934; x_wconf 79' lang='lat' dir='ltr'>possunt,</span> <span class='ocrx_word' id='word_1_38' title='bbox 852 853 956 916; x_wconf 88' lang='lat' dir='ltr'><strong>morte</strong></span> <span class='ocrx_word' id='word_1_39' title='bbox 980 851 1073 935; x_wconf 80' lang='lat' dir='ltr'><strong>quasi</strong></span> <span class='ocrx_word' id='word_1_40' title='bbox 1096 851 1354 936; x_wconf 83' lang='lat' dir='ltr'><strong>exstinguuntur.</strong></span> <span class='ocrx_word' id='word_1_41' title='bbox 1399 852 1485 919; x_wconf 91' lang='lat' dir='ltr'><strong>Nam</strong></span> <span class='ocrx_word' id='word_1_42' title='bbox 1508 855 1597 919; x_wconf 85' lang='lat' dir='ltr'><strong>fama</strong></span> 
     </span>
     <span class='ocr_line' id='line_1_6' title="bbox 290 950 1597 1042; baseline 0.005 -24"><span class='ocrx_word' id='word_1_43' title='bbox 290 955 426 1021; x_wconf 88' lang='lat' dir='ltr'><strong>moritur</strong></span> <span class='ocrx_word' id='word_1_44' title='bbox 454 955 515 1041; x_wconf 87' lang='lat' dir='ltr'><strong>Ag.</strong></span> <span class='ocrx_word' id='word_1_45' title='bbox 546 979 576 1020; x_wconf 80' lang='lat' dir='ltr'><strong>v.</strong></span> <span class='ocrx_word' id='word_1_46' title='bbox 591 957 664 1021; x_wconf 83' lang='lat'>·486</span> <span class='ocrx_word' id='word_1_47' title='bbox 689 979 750 1040; x_wconf 85' lang='lat' dir='ltr'><strong>sq.:</strong></span> <span class='ocrx_word' id='word_1_48' title='bbox 790 950 875 1020; x_wconf 85' lang='grc' dir='ltr'><strong><em>ἀλλὰ</em></strong></span> <span class='ocrx_word' id='word_1_49' title='bbox 908 951 1098 1040; x_wconf 79' lang='grc' dir='ltr'><strong><em>ταχύμορον</em></strong></span> <span class='ocrx_word' id='word_1_50' title='bbox 1131 954 1428 1042; x_wconf 79' lang='grc' dir='ltr'><strong><em>Γνναικογόρντον</em></strong></span> <span class='ocrx_word' id='word_1_51' title='bbox 1461 955 1597 1024; x_wconf 77' lang='grc' dir='ltr'><strong><em>ὄλλυται</em></strong></span> 
     </span>
     <span class='ocr_line' id='line_1_7' title="bbox 288 1055 1597 1160; baseline 0.002 -33"><span class='ocrx_word' id='word_1_52' title='bbox 288 1061 392 1138; x_wconf 81' lang='grc' dir='ltr'><strong><em>κλέος.</em></strong></span> <span class='ocrx_word' id='word_1_53' title='bbox 416 1099 457 1110; x_wconf 93' lang='lat'><strong>-—</strong></span> <span class='ocrx_word' id='word_1_54' title='bbox 481 1061 638 1128; x_wconf 74' lang='lat' dir='ltr'><strong>Similiter</strong></span> <span class='ocrx_word' id='word_1_55' title='bbox 666 1062 808 1148; x_wconf 80' lang='lat' dir='ltr'><strong>Ghoeph.</strong></span> <span class='ocrx_word' id='word_1_56' title='bbox 837 1086 866 1128; x_wconf 85' lang='lat' dir='ltr'><strong>v.</strong></span> <span class='ocrx_word' id='word_1_57' title='bbox 889 1063 955 1128; x_wconf 83' lang='lat'><strong>845</strong></span> <span class='ocrx_word' id='word_1_58' title='bbox 969 1085 1029 1146; x_wconf 91' lang='lat' dir='ltr'><strong>sq.:</strong></span> <span class='ocrx_word' id='word_1_59' title='bbox 1061 1055 1083 1142; x_wconf 79' lang='grc' dir='ltr'><em>ἢ</em></span> <span class='ocrx_word' id='word_1_60' title='bbox 1112 1059 1196 1147; x_wconf 84' lang='grc' dir='ltr'><strong><em>πρὸς</em></strong></span> <span class='ocrx_word' id='word_1_61' title='bbox 1223 1065 1394 1160; x_wconf 78' lang='grc' dir='ltr'><strong><em>γυναικῶν</em></strong></span> <span class='ocrx_word' id='word_1_62' title='bbox 1422 1061 1597 1149; x_wconf 82' lang='grc' dir='ltr'><strong><em>δειματού-</em></strong></span> 
     </span>
     <span class='ocr_line' id='line_1_8' title="bbox 289 1166 1598 1257; baseline 0.002 -23"><span class='ocrx_word' id='word_1_63' title='bbox 289 1193 384 1253; x_wconf 84' lang='grc' dir='ltr'><strong><em>μενοι</em></strong></span> <span class='ocrx_word' id='word_1_64' title='bbox 408 1166 504 1253; x_wconf 93' lang='grc' dir='ltr'><strong><em>λόγοι</em></strong></span> <span class='ocrx_word' id='word_1_65' title='bbox 522 1166 708 1256; x_wconf 78' lang='grc' dir='ltr'><strong><em>Πεόάμσιοι</em></strong></span> <span class='ocrx_word' id='word_1_66' title='bbox 726 1166 936 1257; x_wconf 81' lang='grc' dir='ltr'><strong><em>θμιόσκουσι,</em></strong></span> <span class='ocrx_word' id='word_1_67' title='bbox 958 1166 1166 1254; x_wconf 81' lang='grc' dir='ltr'><strong><em>θνήσκοντες</em></strong></span> <span class='ocrx_word' id='word_1_68' title='bbox 1189 1167 1313 1255; x_wconf 84' lang='grc' dir='ltr'><strong><em>μάτην;</em></strong></span> <span class='ocrx_word' id='word_1_69' title='bbox 1337 1171 1377 1236; x_wconf 89' lang='lat' dir='ltr'><strong>of.</strong></span> <span class='ocrx_word' id='word_1_70' title='bbox 1397 1173 1458 1256; x_wconf 87' lang='lat' dir='ltr'><strong>Ag.</strong></span> <span class='ocrx_word' id='word_1_71' title='bbox 1477 1194 1508 1236; x_wconf 84' lang='lat' dir='ltr'><strong>v.</strong></span> <span class='ocrx_word' id='word_1_72' title='bbox 1523 1171 1598 1236; x_wconf 80' lang='lat'><strong>754.</strong></span> 
     </span>
    </p>

    <p class='ocr_par' dir='ltr' id='par_1_3' title="bbox 288 1275 1598 2219">
     <span class='ocr_line' id='line_1_9' title="bbox 378 1275 1596 1361; baseline 0.001 -20"><span class='ocrx_word' id='word_1_73' title='bbox 378 1275 448 1342; x_wconf 91' lang='lat' dir='ltr'><strong>Hae</strong></span> <span class='ocrx_word' id='word_1_74' title='bbox 471 1281 557 1361; x_wconf 92' lang='lat' dir='ltr'><strong>sunt,</strong></span> <span class='ocrx_word' id='word_1_75' title='bbox 580 1277 666 1361; x_wconf 93' lang='lat' dir='ltr'><strong>quod</strong></span> <span class='ocrx_word' id='word_1_76' title='bbox 690 1276 804 1359; x_wconf 85' lang='lat' dir='ltr'><strong>seiam,</strong></span> <span class='ocrx_word' id='word_1_77' title='bbox 827 1276 1109 1360; x_wconf 81' lang='lat' dir='ltr'><strong>conformationes,</strong></span> <span class='ocrx_word' id='word_1_78' title='bbox 1132 1297 1213 1360; x_wconf 88' lang='lat' dir='ltr'><strong>quas</strong></span> <span class='ocrx_word' id='word_1_79' title='bbox 1232 1279 1328 1360; x_wconf 91' lang='lat' dir='ltr'><strong>poeta</strong></span> <span class='ocrx_word' id='word_1_80' title='bbox 1351 1277 1390 1341; x_wconf 89' lang='lat' dir='ltr'><strong>de</strong></span> <span class='ocrx_word' id='word_1_81' title='bbox 1414 1280 1520 1342; x_wconf 88' lang='lat' dir='ltr'><strong>aetate</strong></span> <span class='ocrx_word' id='word_1_82' title='bbox 1539 1277 1596 1342; x_wconf 94' lang='lat' dir='ltr'><strong>hu·</strong></span> 
     </span>
     <span class='ocr_line' id='line_1_10' title="bbox 289 1383 1598 1477; baseline 0.002 -29"><span class='ocrx_word' id='word_1_83' title='bbox 289 1407 385 1449; x_wconf 89' lang='lat' dir='ltr'><strong>mana</strong></span> <span class='ocrx_word' id='word_1_84' title='bbox 412 1385 487 1450; x_wconf 88' lang='lat' dir='ltr'><strong>inde</strong></span> <span class='ocrx_word' id='word_1_85' title='bbox 516 1385 556 1449; x_wconf 90' lang='lat' dir='ltr'><strong>ab</strong></span> <span class='ocrx_word' id='word_1_86' title='bbox 581 1388 653 1450; x_wconf 90' lang='lat' dir='ltr'><strong>ortu</strong></span> <span class='ocrx_word' id='word_1_87' title='bbox 677 1406 777 1468; x_wconf 90' lang='lat' dir='ltr'><strong>usque</strong></span> <span class='ocrx_word' id='word_1_88' title='bbox 805 1384 845 1448; x_wconf 93' lang='lat' dir='ltr'><strong>ad</strong></span> <span class='ocrx_word' id='word_1_89' title='bbox 868 1387 1005 1450; x_wconf 90' lang='lat' dir='ltr'><strong>mortem</strong></span> <span class='ocrx_word' id='word_1_90' title='bbox 1034 1384 1202 1477; x_wconf 69' lang='lat' dir='ltr'><strong>sumpsit.¹</strong></span> <span class='ocrx_word' id='word_1_91' title='bbox 1227 1383 1352 1460; x_wconf 79' lang='lat' dir='ltr'><strong>Quibus</strong></span> <span class='ocrx_word' id='word_1_92' title='bbox 1377 1406 1497 1469; x_wconf 87' lang='lat' dir='ltr'><strong>paucas</strong></span> <span class='ocrx_word' id='word_1_93' title='bbox 1522 1385 1598 1450; x_wconf 88' lang='lat' dir='ltr'><strong>sub-</strong></span> 
     </span>
     <span class='ocr_line' id='line_1_11' title="bbox 290 1489 1598 1576; baseline 0.001 -21"><span class='ocrx_word' id='word_1_94' title='bbox 290 1491 422 1576; x_wconf 90' lang='lat' dir='ltr'><strong>iungam</strong></span> <span class='ocrx_word' id='word_1_95' title='bbox 445 1492 675 1556; x_wconf 74' lang='lat' dir='ltr'><strong>translationes</strong></span> <span class='ocrx_word' id='word_1_96' title='bbox 700 1492 745 1556; x_wconf 88' lang='lat' dir='ltr'><strong>sie</strong></span> <span class='ocrx_word' id='word_1_97' title='bbox 769 1494 873 1574; x_wconf 89' lang='lat' dir='ltr'><strong>ortas,</strong></span> <span class='ocrx_word' id='word_1_98' title='bbox 896 1495 934 1556; x_wconf 92' lang='lat' dir='ltr'><strong>ut</strong></span> <span class='ocrx_word' id='word_1_99' title='bbox 956 1492 1064 1575; x_wconf 91' lang='lat' dir='ltr'><strong>ipsum</strong></span> <span class='ocrx_word' id='word_1_100' title='bbox 1087 1489 1194 1556; x_wconf 89' lang='lat' dir='ltr'><strong>vivere</strong></span> <span class='ocrx_word' id='word_1_101' title='bbox 1217 1491 1313 1557; x_wconf 91' lang='lat' dir='ltr'><strong>rebus</strong></span> <span class='ocrx_word' id='word_1_102' title='bbox 1336 1492 1509 1556; x_wconf 81' lang='lat' dir='ltr'><strong>tribuatur.</strong></span> <span class='ocrx_word' id='word_1_103' title='bbox 1549 1493 1598 1556; x_wconf 85' lang='lat' dir='ltr'><strong>Ac</strong></span> 
     </span>
     <span class='ocr_line' id='line_1_12' title="bbox 291 1597 1596 1682; baseline 0.001 -20"><span class='ocrx_word' id='word_1_104' title='bbox 291 1619 419 1682; x_wconf 88' lang='lat' dir='ltr'><strong>semper</strong></span> <span class='ocrx_word' id='word_1_105' title='bbox 440 1599 549 1664; x_wconf 87' lang='lat' dir='ltr'><strong>vivida</strong></span> <span class='ocrx_word' id='word_1_106' title='bbox 566 1598 667 1662; x_wconf 89' lang='lat' dir='ltr'><strong>herba</strong></span> <span class='ocrx_word' id='word_1_107' title='bbox 690 1597 746 1662; x_wconf 91' lang='lat' dir='ltr'><strong>illa</strong></span> <span class='ocrx_word' id='word_1_108' title='bbox 764 1599 907 1682; x_wconf 83' lang='lat' dir='ltr'><strong>tingitur,</strong></span> <span class='ocrx_word' id='word_1_109' title='bbox 929 1621 993 1682; x_wconf 90' lang='lat' dir='ltr'><strong>qua</strong></span> <span class='ocrx_word' id='word_1_110' title='bbox 1011 1603 1148 1664; x_wconf 86' lang='lat' dir='ltr'><strong>mortem</strong></span> <span class='ocrx_word' id='word_1_111' title='bbox 1167 1598 1333 1682; x_wconf 87' lang='lat' dir='ltr'><strong>prohiberi</strong></span> <span class='ocrx_word' id='word_1_112' title='bbox 1357 1621 1453 1682; x_wconf 88' lang='lat' dir='ltr'><strong>posse</strong></span> <span class='ocrx_word' id='word_1_113' title='bbox 1474 1602 1596 1664; x_wconf 81' lang='lat' dir='ltr'><strong>veteres</strong></span> 
     </span>
     <span class='ocr_line' id='line_1_13' title="bbox 289 1699 1597 1790; baseline 0.001 -20"><span class='ocrx_word' id='word_1_114' title='bbox 289 1706 449 1789; x_wconf 89' lang='lat' dir='ltr'><strong>putabant</strong></span> <span class='ocrx_word' id='word_1_115' title='bbox 472 1705 587 1790; x_wconf 82' lang='lat' dir='ltr'><strong>fragm.</strong></span> <span class='ocrx_word' id='word_1_116' title='bbox 611 1705 667 1770; x_wconf 86' lang='lat'><strong>31:</strong></span> <span class='ocrx_word' id='word_1_117' title='bbox 692 1699 709 1771; x_wconf 88' lang='grc' dir='ltr'>ὁ</span> <span class='ocrx_word' id='word_1_118' title='bbox 733 1700 795 1789; x_wconf 78' lang='grc' dir='ltr'><strong>τὴν</strong></span> <span class='ocrx_word' id='word_1_119' title='bbox 818 1699 937 1784; x_wconf 77' lang='grc' dir='ltr'><strong><em>ἀείζων</em></strong></span> <span class='ocrx_word' id='word_1_120' title='bbox 960 1700 1110 1790; x_wconf 88' lang='grc' dir='ltr'><strong><em>ἀφθιτον</em></strong></span> <span class='ocrx_word' id='word_1_121' title='bbox 1132 1701 1221 1772; x_wconf 89' lang='grc' dir='ltr'><strong><em>πόαν</em></strong></span> <span class='ocrx_word' id='word_1_122' title='bbox 1245 1702 1372 1790; x_wconf 85' lang='grc' dir='ltr'><strong><em>φαγιόν.</em></strong></span> <span class='ocrx_word' id='word_1_123' title='bbox 1397 1743 1439 1752; x_wconf 92' lang='grc'>-</span> <span class='ocrx_word' id='word_1_124' title='bbox 1463 1707 1597 1772; x_wconf 89' lang='lat' dir='ltr'><strong>Danaus</strong></span> 
     </span>
     <span class='ocr_line' id='line_1_14' title="bbox 292 1812 1597 1898; baseline 0 -20"><span class='ocrx_word' id='word_1_125' title='bbox 292 1814 331 1878; x_wconf 88' lang='lat' dir='ltr'><strong>ab</strong></span> <span class='ocrx_word' id='word_1_126' title='bbox 352 1812 484 1898; x_wconf 82' lang='lat' dir='ltr'><strong>Argivis</strong></span> <span class='ocrx_word' id='word_1_127' title='bbox 508 1833 542 1876; x_wconf 90' lang='lat' dir='ltr'><strong>se</strong></span> <span class='ocrx_word' id='word_1_128' title='bbox 561 1813 663 1878; x_wconf 88' lang='lat' dir='ltr'><strong>foveri</strong></span> <span class='ocrx_word' id='word_1_129' title='bbox 687 1813 774 1898; x_wconf 88' lang='lat' dir='ltr'><strong>dicit,</strong></span> <span class='ocrx_word' id='word_1_130' title='bbox 797 1835 838 1876; x_wconf 90' lang='lat' dir='ltr'><strong>ne</strong></span> <span class='ocrx_word' id='word_1_131' title='bbox 861 1814 933 1898; x_wconf 91' lang='lat' dir='ltr'><strong>ipso</strong></span> <span class='ocrx_word' id='word_1_132' title='bbox 956 1813 1125 1878; x_wconf 88' lang='lat' dir='ltr'><strong>interfecto</strong></span> <span class='ocrx_word' id='word_1_133' title='bbox 1145 1814 1315 1878; x_wconf 86' lang='lat' dir='ltr'><strong>calamitas</strong></span> <span class='ocrx_word' id='word_1_134' title='bbox 1340 1836 1466 1898; x_wconf 87' lang='lat' dir='ltr'><strong>semper</strong></span> <span class='ocrx_word' id='word_1_135' title='bbox 1484 1814 1597 1878; x_wconf 85' lang='lat' dir='ltr'><strong>vivens</strong></span> 
     </span>
     <span class='ocr_line' id='line_1_15' title="bbox 290 1913 1593 2007; baseline 0 -23"><span class='ocrx_word' id='word_1_136' title='bbox 290 1919 409 1986; x_wconf 89' lang='lat' dir='ltr'><strong>eorum</strong></span> <span class='ocrx_word' id='word_1_137' title='bbox 423 1925 527 2002; x_wconf 85' lang='lat' dir='ltr'><strong>terrae</strong></span> <span class='ocrx_word' id='word_1_138' title='bbox 551 1920 686 1984; x_wconf 82' lang='lat' dir='ltr'><strong>exsistat</strong></span> <span class='ocrx_word' id='word_1_139' title='bbox 711 1918 820 2004; x_wconf 82' lang='lat' dir='ltr'><strong>Suppl.</strong></span> <span class='ocrx_word' id='word_1_140' title='bbox 848 1943 873 1986; x_wconf 88' lang='lat' dir='ltr'><strong>v.</strong></span> <span class='ocrx_word' id='word_1_141' title='bbox 888 1921 965 1988; x_wconf 83' lang='lat'>988:</span> <span class='ocrx_word' id='word_1_142' title='bbox 990 1915 1083 2007; x_wconf 79' lang='grc' dir='ltr'><strong><em>χιόμφ</em></strong></span> <span class='ocrx_word' id='word_1_143' title='bbox 1107 1914 1139 1985; x_wconf 87' lang='lat' dir='ltr'><strong>d&#39;</strong></span> <span class='ocrx_word' id='word_1_144' title='bbox 1165 1915 1272 2004; x_wconf 80' lang='grc' dir='ltr'><strong><em>ἀχθος</em></strong></span> <span class='ocrx_word' id='word_1_145' title='bbox 1294 1913 1412 1998; x_wconf 84' lang='grc' dir='ltr'><strong><em>ἀείζων</em></strong></span> <span class='ocrx_word' id='word_1_146' title='bbox 1435 1917 1539 1984; x_wconf 83' lang='grc' dir='ltr'><strong><em>πέλοι.</em></strong></span> <span class='ocrx_word' id='word_1_147' title='bbox 1556 1957 1593 1967; x_wconf 92' lang='lat'><em>-</em></span> 
     </span>
     <span class='ocr_line' id='line_1_16' title="bbox 289 2023 1596 2113; baseline 0 -21"><span class='ocrx_word' id='word_1_148' title='bbox 289 2027 411 2092; x_wconf 87' lang='lat' dir='ltr'><strong>Vivunt</strong></span> <span class='ocrx_word' id='word_1_149' title='bbox 438 2027 550 2091; x_wconf 88' lang='lat' dir='ltr'><strong>deinde</strong></span> <span class='ocrx_word' id='word_1_150' title='bbox 574 2030 798 2112; x_wconf 88' lang='lat' dir='ltr'><strong>tempestates,</strong></span> <span class='ocrx_word' id='word_1_151' title='bbox 827 2028 944 2112; x_wconf 90' lang='lat' dir='ltr'><strong>quibus</strong></span> <span class='ocrx_word' id='word_1_152' title='bbox 972 2023 1033 2111; x_wconf 75' lang='grc' dir='ltr'><strong>ἀτη</strong></span> <span class='ocrx_word' id='word_1_153' title='bbox 1062 2028 1211 2092; x_wconf 90' lang='lat' dir='ltr'><strong>homines</strong></span> <span class='ocrx_word' id='word_1_154' title='bbox 1239 2028 1354 2110; x_wconf 88' lang='lat' dir='ltr'><strong>perdat</strong></span> <span class='ocrx_word' id='word_1_155' title='bbox 1375 2028 1439 2113; x_wconf 88' lang='lat' dir='ltr'><strong>Ag.</strong></span> <span class='ocrx_word' id='word_1_156' title='bbox 1466 2051 1494 2093; x_wconf 82' lang='lat' dir='ltr'><strong>u.</strong></span> <span class='ocrx_word' id='word_1_157' title='bbox 1519 2030 1596 2093; x_wconf 83' lang='lat'>819:</span> 
     </span>
     <span class='ocr_line' id='line_1_17' title="bbox 288 2130 1595 2219; baseline -0.001 -19"><span class='ocrx_word' id='word_1_158' title='bbox 288 2130 369 2218; x_wconf 86' lang='grc' dir='ltr'><strong><em>ἀτης</em></strong></span> <span class='ocrx_word' id='word_1_159' title='bbox 395 2130 537 2199; x_wconf 78' lang='grc' dir='ltr'><strong><em>θύελλαι</em></strong></span> <span class='ocrx_word' id='word_1_160' title='bbox 566 2135 652 2213; x_wconf 79' lang='grc' dir='ltr'><strong><em>ζῶσι.</em></strong></span> <span class='ocrx_word' id='word_1_161' title='bbox 677 2133 910 2200; x_wconf 88' lang='lat' dir='ltr'><strong>-Postremo</strong></span> <span class='ocrx_word' id='word_1_162' title='bbox 939 2134 1045 2218; x_wconf 88' lang='lat' dir='ltr'><strong>gloria</strong></span> <span class='ocrx_word' id='word_1_163' title='bbox 1073 2133 1261 2218; x_wconf 82' lang='lat' dir='ltr'><strong>depingitur</strong></span> <span class='ocrx_word' id='word_1_164' title='bbox 1288 2135 1361 2200; x_wconf 89' lang='lat' dir='ltr'><strong>viva</strong></span> <span class='ocrx_word' id='word_1_165' title='bbox 1390 2157 1514 2218; x_wconf 89' lang='lat' dir='ltr'><strong>eorum,</strong></span> <span class='ocrx_word' id='word_1_166' title='bbox 1542 2137 1595 2219; x_wconf 94' lang='lat' dir='ltr'><strong>qui</strong></span> 
     </span>
    </p>
   </div>
   <div class='ocr_carea' id='block_1_3' title="bbox 192 2240 1596 2326">
    <p class='ocr_par' dir='ltr' id='par_1_4' title="bbox 192 2240 1596 2326">
     <span class='ocr_line' id='line_1_18' title="bbox 192 2240 1596 2326; baseline -0.001 -21"><span class='ocrx_word' id='word_1_167' title='bbox 192 2281 201 2294; x_wconf 87' lang='lat'><em>·</em></span> <span class='ocrx_word' id='word_1_168' title='bbox 290 2264 349 2325; x_wconf 90' lang='lat' dir='ltr'><strong>pro</strong></span> <span class='ocrx_word' id='word_1_169' title='bbox 373 2240 639 2326; x_wconf 87' lang='lat' dir='ltr'><strong>patria·mortem</strong></span> <span class='ocrx_word' id='word_1_170' title='bbox 658 2243 885 2326; x_wconf 85' lang='lat' dir='ltr'><strong>occubuerunt,</strong></span> <span class='ocrx_word' id='word_1_171' title='bbox 908 2242 1073 2326; x_wconf 90' lang='lat' dir='ltr'><strong>praeclaro</strong></span> <span class='ocrx_word' id='word_1_172' title='bbox 1097 2240 1154 2307; x_wconf 90' lang='lat' dir='ltr'><strong>illo</strong></span> <span class='ocrx_word' id='word_1_173' title='bbox 1174 2242 1417 2326; x_wconf 84' lang='lat' dir='ltr'><strong>epigrammate,</strong></span> <span class='ocrx_word' id='word_1_174' title='bbox 1441 2242 1525 2325; x_wconf 92' lang='lat' dir='ltr'><strong>quod</strong></span> <span class='ocrx_word' id='word_1_175' title='bbox 1544 2263 1596 2305; x_wconf 86' lang='lat' dir='ltr'><strong>ex·</strong></span> 
     </span>
    </p>
   </div>
   <div class='ocr_carea' id='block_1_4' title="bbox 232 2344 1594 2541">
    <p class='ocr_par' dir='ltr' id='par_1_5' title="bbox 232 2344 1594 2541">
     <span class='ocr_line' id='line_1_19' title="bbox 232 2344 1594 2433; baseline -0.001 -20"><span class='ocrx_word' id='word_1_176' title='bbox 232 2395 244 2420; x_wconf 60' lang='lat'><strong>.</strong></span> <span class='ocrx_word' id='word_1_177' title='bbox 289 2353 356 2414; x_wconf 90' lang='lat' dir='ltr'><strong>stat</strong></span> <span class='ocrx_word' id='word_1_178' title='bbox 382 2349 499 2432; x_wconf 84' lang='lat' dir='ltr'><strong>fragm.</strong></span> <span class='ocrx_word' id='word_1_179' title='bbox 526 2350 606 2413; x_wconf 75' lang='lat'>449:</span> <span class='ocrx_word' id='word_1_180' title='bbox 645 2344 729 2428; x_wconf 78' lang='grc' dir='ltr'><strong><em>ζωὸν</em></strong></span> <span class='ocrx_word' id='word_1_181' title='bbox 758 2346 795 2414; x_wconf 77' lang='grc' dir='ltr'><strong>δὲ</strong></span> <span class='ocrx_word' id='word_1_182' title='bbox 822 2347 1001 2433; x_wconf 80' lang='grc' dir='ltr'><strong><em>φθιμένων</em></strong></span> <span class='ocrx_word' id='word_1_183' title='bbox 1027 2347 1158 2414; x_wconf 81' lang='grc' dir='ltr'><strong><em>πέλεται</em></strong></span> <span class='ocrx_word' id='word_1_184' title='bbox 1186 2347 1296 2431; x_wconf 80' lang='grc' dir='ltr'><strong><em>κλέος,</em></strong></span> <span class='ocrx_word' id='word_1_185' title='bbox 1325 2352 1361 2413; x_wconf 81' lang='grc' dir='ltr'><strong>οἳ</strong></span> <span class='ocrx_word' id='word_1_186' title='bbox 1380 2346 1458 2414; x_wconf 90' lang='grc' dir='ltr'><strong><em>πότε</em></strong></span> <span class='ocrx_word' id='word_1_187' title='bbox 1486 2350 1594 2431; x_wconf 81' lang='grc' dir='ltr'><strong><em>γυίοις</em></strong></span> 
     </span>
     <span class='ocr_line' id='line_1_20' title="bbox 292 2451 998 2541; baseline 0 -21"><span class='ocrx_word' id='word_1_188' title='bbox 292 2451 463 2540; x_wconf 85' lang='grc' dir='ltr'><strong><em>Τλήμονες</em></strong></span> <span class='ocrx_word' id='word_1_189' title='bbox 483 2451 638 2521; x_wconf 82' lang='grc' dir='ltr'><strong><em>Ὀοσαίαν</em></strong></span> <span class='ocrx_word' id='word_1_190' title='bbox 661 2451 868 2541; x_wconf 82' lang='grc' dir='ltr'><strong><em>ἀμφιέσαντο</em></strong></span> <span class='ocrx_word' id='word_1_191' title='bbox 891 2451 998 2522; x_wconf 87' lang='grc' dir='ltr'><strong><em>κόνιν.</em></strong></span> 
     </span>
    </p>
   </div>
   <div class='ocr_carea' id='block_1_5' title="bbox 905 2705 980 2786">
    <p class='ocr_par' dir='ltr' id='par_1_6' title="bbox 905 2705 980 2786">
     <span class='ocr_line' id='line_1_21' title="bbox 905 2705 980 2786; baseline 0 -16"><span class='ocrx_word' id='word_1_192' title='bbox 905 2705 980 2786; x_wconf 73' lang='lat'><strong>§4-</strong></span> 
     </span>
    </p>
   </div>
   <div class='ocr_carea' id='block_1_6' title="bbox 372 2828 1510 3026">
    <p class='ocr_par' dir='ltr' id='par_1_7' title="bbox 372 2828 1510 3026">
     <span class='ocr_line' id='line_1_22' title="bbox 372 2828 1510 2924; baseline 0 -28"><span class='ocrx_word' id='word_1_193' title='bbox 372 2831 418 2897; x_wconf 87' lang='lat' dir='ltr'><strong>De</strong></span> <span class='ocrx_word' id='word_1_194' title='bbox 435 2829 750 2897; x_wconf 77' lang='lat' dir='ltr'><strong>&#39;conformationibus</strong></span> <span class='ocrx_word' id='word_1_195' title='bbox 770 2828 811 2895; x_wconf 88' lang='lat' dir='ltr'><strong>de</strong></span> <span class='ocrx_word' id='word_1_196' title='bbox 830 2829 978 2924; x_wconf 86' lang='lat' dir='ltr'><strong>corporis</strong></span> <span class='ocrx_word' id='word_1_197' title='bbox 997 2831 1132 2899; x_wconf 88' lang='lat' dir='ltr'><strong>humani</strong></span> <span class='ocrx_word' id='word_1_198' title='bbox 1150 2830 1400 2899; x_wconf 86' lang='lat' dir='ltr'><strong>necessitatibus</strong></span> <span class='ocrx_word' id='word_1_199' title='bbox 1420 2829 1510 2896; x_wconf 89' lang='lat' dir='ltr'><strong>vitiis</strong></span> 
     </span>
     <span class='ocr_line' id='line_1_23' title="bbox 712 2935 1170 3026; baseline 0.004 -24"><span class='ocrx_word' id='word_1_200' title='bbox 712 2935 938 3004; x_wconf 84' lang='lat' dir='ltr'><strong>debilitatibus</strong></span> <span class='ocrx_word' id='word_1_201' title='bbox 958 2936 1170 3026; x_wconf 81' lang='lat' dir='ltr'><strong>depromptis,</strong></span> 
     </span>
    </p>
   </div>
   <div class='ocr_carea' id='block_1_7' title="bbox 242 3097 1601 5003">
    <p class='ocr_par' dir='ltr' id='par_1_8' title="bbox 242 3097 1601 5003">
     <span class='ocr_line' id='line_1_24' title="bbox 378 3097 1598 3183; baseline 0 -21"><span class='ocrx_word' id='word_1_202' title='bbox 378 3098 559 3183; x_wconf 83' lang='lat' dir='ltr'><strong>Aeschylus</strong></span> <span class='ocrx_word' id='word_1_203' title='bbox 578 3119 644 3162; x_wconf 86' lang='lat' dir='ltr'><strong>non</strong></span> <span class='ocrx_word' id='word_1_204' title='bbox 663 3097 758 3162; x_wconf 93' lang='lat' dir='ltr'><strong>modo</strong></span> <span class='ocrx_word' id='word_1_205' title='bbox 783 3097 985 3181; x_wconf 89' lang='lat' dir='ltr'><strong>omniafere,</strong></span> <span class='ocrx_word' id='word_1_206' title='bbox 1009 3120 1090 3182; x_wconf 89' lang='lat' dir='ltr'><strong>quac</strong></span> <span class='ocrx_word' id='word_1_207' title='bbox 1110 3099 1151 3163; x_wconf 90' lang='lat' dir='ltr'><strong>ad</strong></span> <span class='ocrx_word' id='word_1_208' title='bbox 1169 3120 1286 3182; x_wconf 87' lang='lat' dir='ltr'><strong>eorpus</strong></span> <span class='ocrx_word' id='word_1_209' title='bbox 1309 3099 1486 3163; x_wconf 88' lang='lat' dir='ltr'><strong>humanum</strong></span> <span class='ocrx_word' id='word_1_210' title='bbox 1509 3099 1598 3162; x_wconf 88' lang='lat' dir='ltr'><strong>alen-</strong></span> 
     </span>
     <span class='ocr_line' id='line_1_25' title="bbox 290 3204 1599 3290; baseline 0 -22"><span class='ocrx_word' id='word_1_211' title='bbox 290 3207 366 3270; x_wconf 93' lang='lat' dir='ltr'><strong>dum</strong></span> <span class='ocrx_word' id='word_1_212' title='bbox 390 3228 427 3271; x_wconf 88' lang='lat' dir='ltr'><strong>ao</strong></span> <span class='ocrx_word' id='word_1_213' title='bbox 450 3206 697 3270; x_wconf 88' lang='lat' dir='ltr'><strong>sustentandum</strong></span> <span class='ocrx_word' id='word_1_214' title='bbox 720 3204 903 3270; x_wconf 87' lang='lat' dir='ltr'><strong>necessaria</strong></span> <span class='ocrx_word' id='word_1_215' title='bbox 926 3208 1014 3288; x_wconf 90' lang='lat' dir='ltr'><strong>sunt,</strong></span> <span class='ocrx_word' id='word_1_216' title='bbox 1043 3205 1097 3268; x_wconf 88' lang='lat' dir='ltr'><strong>sed</strong></span> <span class='ocrx_word' id='word_1_217' title='bbox 1122 3205 1219 3269; x_wconf 89' lang='lat' dir='ltr'><strong>etiam</strong></span> <span class='ocrx_word' id='word_1_218' title='bbox 1243 3206 1330 3269; x_wconf 87' lang='lat' dir='ltr'><strong>mala</strong></span> <span class='ocrx_word' id='word_1_219' title='bbox 1354 3210 1386 3269; x_wconf 92' lang='lat' dir='ltr'><strong>et</strong></span> <span class='ocrx_word' id='word_1_220' title='bbox 1408 3206 1502 3287; x_wconf 85' lang='lat' dir='ltr'><strong>vitia,</strong></span> <span class='ocrx_word' id='word_1_221' title='bbox 1531 3207 1599 3290; x_wconf 89' lang='lat' dir='ltr'><strong>qui-</strong></span> 
     </span>
     <span class='ocr_line' id='line_1_26' title="bbox 290 3311 1596 3397; baseline 0 -21"><span class='ocrx_word' id='word_1_222' title='bbox 290 3313 349 3377; x_wconf 92' lang='lat' dir='ltr'><strong>bus</strong></span> <span class='ocrx_word' id='word_1_223' title='bbox 377 3313 458 3377; x_wconf 93' lang='lat' dir='ltr'><strong>illud</strong></span> <span class='ocrx_word' id='word_1_224' title='bbox 487 3313 573 3377; x_wconf 84' lang='lat' dir='ltr'><strong>affici</strong></span> <span class='ocrx_word' id='word_1_225' title='bbox 601 3312 698 3396; x_wconf 87' lang='lat' dir='ltr'><strong>solet,</strong></span> <span class='ocrx_word' id='word_1_226' title='bbox 725 3311 764 3376; x_wconf 92' lang='lat' dir='ltr'><strong>ad</strong></span> <span class='ocrx_word' id='word_1_227' title='bbox 790 3333 841 3395; x_wconf 90' lang='lat' dir='ltr'><strong>ea,</strong></span> <span class='ocrx_word' id='word_1_228' title='bbox 869 3331 951 3396; x_wconf 90' lang='lat' dir='ltr'><strong>quae</strong></span> <span class='ocrx_word' id='word_1_229' title='bbox 974 3311 1042 3375; x_wconf 87' lang='lat' dir='ltr'><strong>vita</strong></span> <span class='ocrx_word' id='word_1_230' title='bbox 1065 3315 1188 3395; x_wconf 80' lang='lat' dir='ltr'><strong>carent,</strong></span> <span class='ocrx_word' id='word_1_231' title='bbox 1217 3313 1400 3397; x_wconf 84' lang='lat' dir='ltr'><strong>transtulit,</strong></span> <span class='ocrx_word' id='word_1_232' title='bbox 1431 3315 1526 3397; x_wconf 88' lang='lat' dir='ltr'><strong>atque</strong></span> <span class='ocrx_word' id='word_1_233' title='bbox 1550 3313 1596 3376; x_wconf 91' lang='lat' dir='ltr'><strong>ita</strong></span> 
     </span>
     <span class='ocr_line' id='line_1_27' title="bbox 291 3417 1597 3504; baseline -0.001 -21"><span class='ocrx_word' id='word_1_234' title='bbox 291 3419 434 3504; x_wconf 91' lang='lat' dir='ltr'><strong>quidem,</strong></span> <span class='ocrx_word' id='word_1_235' title='bbox 461 3424 499 3484; x_wconf 91' lang='lat' dir='ltr'><strong>ut</strong></span> <span class='ocrx_word' id='word_1_236' title='bbox 526 3422 681 3503; x_wconf 88' lang='lat' dir='ltr'><strong>tanquam</strong></span> <span class='ocrx_word' id='word_1_237' title='bbox 710 3439 842 3502; x_wconf 85' lang='lat' dir='ltr'><strong>corpore</strong></span> <span class='ocrx_word' id='word_1_238' title='bbox 870 3417 1039 3482; x_wconf 92' lang='lat' dir='ltr'><strong>hominum</strong></span> <span class='ocrx_word' id='word_1_239' title='bbox 1068 3417 1183 3482; x_wconf 91' lang='lat' dir='ltr'><strong>induta</strong></span> <span class='ocrx_word' id='word_1_240' title='bbox 1211 3441 1249 3484; x_wconf 88' lang='lat' dir='ltr'><strong>ea</strong></span> <span class='ocrx_word' id='word_1_241' title='bbox 1275 3441 1405 3484; x_wconf 90' lang='lat' dir='ltr'><strong>cernere</strong></span> <span class='ocrx_word' id='word_1_242' title='bbox 1433 3441 1470 3484; x_wconf 89' lang='lat' dir='ltr'><strong>ae</strong></span> <span class='ocrx_word' id='word_1_243' title='bbox 1498 3439 1597 3503; x_wconf 89' lang='lat' dir='ltr'><strong>paene</strong></span> 
     </span>
     <span class='ocr_line' id='line_1_28' title="bbox 290 3523 1598 3610; baseline -0.002 -21"><span class='ocrx_word' id='word_1_244' title='bbox 290 3530 424 3610; x_wconf 89' lang='lat' dir='ltr'><strong>tangere</strong></span> <span class='ocrx_word' id='word_1_245' title='bbox 456 3526 550 3591; x_wconf 92' lang='lat' dir='ltr'><strong>nobis</strong></span> <span class='ocrx_word' id='word_1_246' title='bbox 583 3525 756 3590; x_wconf 89' lang='lat' dir='ltr'><strong>videamur.</strong></span> <span class='ocrx_word' id='word_1_247' title='bbox 805 3523 854 3588; x_wconf 84' lang='grc' dir='ltr'><strong>Αο</strong></span> <span class='ocrx_word' id='word_1_248' title='bbox 879 3526 1017 3608; x_wconf 89' lang='lat' dir='ltr'><strong>primum</strong></span> <span class='ocrx_word' id='word_1_249' title='bbox 1049 3550 1067 3590; x_wconf 92' lang='lat' dir='ltr'><strong>a</strong></span> <span class='ocrx_word' id='word_1_250' title='bbox 1095 3527 1232 3590; x_wconf 89' lang='lat' dir='ltr'><strong>sitiendo</strong></span> <span class='ocrx_word' id='word_1_251' title='bbox 1266 3530 1299 3588; x_wconf 89' lang='lat' dir='ltr'><strong>et</strong></span> <span class='ocrx_word' id='word_1_252' title='bbox 1325 3525 1467 3590; x_wconf 90' lang='lat' dir='ltr'><strong>bibendo</strong></span> <span class='ocrx_word' id='word_1_253' title='bbox 1501 3525 1598 3590; x_wconf 89' lang='lat' dir='ltr'><strong>hasce</strong></span> 
     </span>
     <span class='ocr_line' id='line_1_29' title="bbox 292 3631 1598 3716; baseline -0.002 -19"><span class='ocrx_word' id='word_1_254' title='bbox 292 3634 401 3698; x_wconf 90' lang='lat' dir='ltr'><strong>hausit</strong></span> <span class='ocrx_word' id='word_1_255' title='bbox 424 3634 592 3716; x_wconf 89' lang='lat' dir='ltr'><strong>imagines.</strong></span> <span class='ocrx_word' id='word_1_256' title='bbox 634 3631 766 3696; x_wconf 90' lang='lat' dir='ltr'><strong>Pulveri</strong></span> <span class='ocrx_word' id='word_1_257' title='bbox 788 3633 839 3695; x_wconf 88' lang='lat' dir='ltr'><strong>vel</strong></span> <span class='ocrx_word' id='word_1_258' title='bbox 862 3631 1001 3697; x_wconf 88' lang='lat' dir='ltr'><strong>harenae</strong></span> <span class='ocrx_word' id='word_1_259' title='bbox 1025 3633 1177 3697; x_wconf 90' lang='lat' dir='ltr'><strong>humores</strong></span> <span class='ocrx_word' id='word_1_260' title='bbox 1202 3631 1389 3696; x_wconf 86' lang='lat' dir='ltr'><strong>absorbenti</strong></span> <span class='ocrx_word' id='word_1_261' title='bbox 1413 3634 1484 3696; x_wconf 89' lang='lat' dir='ltr'><strong>sitis</strong></span> <span class='ocrx_word' id='word_1_262' title='bbox 1508 3632 1598 3697; x_wconf 86' lang='lat' dir='ltr'><strong>attri-</strong></span> 
     </span>
     <span class='ocr_line' id='line_1_30' title="bbox 291 3734 1597 3824; baseline 0.004 -22"><span class='ocrx_word' id='word_1_263' title='bbox 291 3740 399 3803; x_wconf 86' lang='lat' dir='ltr'><strong>buitur</strong></span> <span class='ocrx_word' id='word_1_264' title='bbox 427 3737 537 3823; x_wconf 80' lang='lat' dir='ltr'><strong>Suppl.</strong></span> <span class='ocrx_word' id='word_1_265' title='bbox 565 3762 593 3803; x_wconf 84' lang='lat' dir='ltr'><strong>v.</strong></span> <span class='ocrx_word' id='word_1_266' title='bbox 620 3740 696 3805; x_wconf 75' lang='lat'><strong>782:</strong></span> <span class='ocrx_word' id='word_1_267' title='bbox 730 3734 830 3818; x_wconf 79' lang='grc' dir='ltr'><strong><em>ὃιψάς</em></strong></span> <span class='ocrx_word' id='word_1_268' title='bbox 858 3736 960 3816; x_wconf 82' lang='grc' dir='ltr'><strong><em>κόνις.</em></strong></span> <span class='ocrx_word' id='word_1_269' title='bbox 989 3775 1026 3785; x_wconf 91' lang='grc'>-</span> <span class='ocrx_word' id='word_1_270' title='bbox 1057 3738 1178 3803; x_wconf 92' lang='lat' dir='ltr'><strong>Bibens</strong></span> <span class='ocrx_word' id='word_1_271' title='bbox 1206 3737 1342 3823; x_wconf 87' lang='lat' dir='ltr'><strong>fingitur</strong></span> <span class='ocrx_word' id='word_1_272' title='bbox 1368 3741 1475 3824; x_wconf 89' lang='lat' dir='ltr'><strong>pulvis</strong></span> <span class='ocrx_word' id='word_1_273' title='bbox 1503 3741 1597 3807; x_wconf 82' lang='lat' dir='ltr'><strong>Eum.</strong></span> 
     </span>
     <span class='ocr_line' id='line_1_31' title="bbox 291 3840 1598 3932; baseline 0.001 -21"><span class='ocrx_word' id='word_1_274' title='bbox 291 3870 318 3911; x_wconf 92' lang='lat' dir='ltr'><strong>v.</strong></span> <span class='ocrx_word' id='word_1_275' title='bbox 343 3848 569 3930; x_wconf 64' lang='grc' dir='ltr'><strong><em>98Ο;,πιοῦσα</em></strong></span> <span class='ocrx_word' id='word_1_276' title='bbox 592 3843 686 3923; x_wconf 85' lang='grc' dir='ltr'><strong><em>κόνις</em></strong></span> <span class='ocrx_word' id='word_1_277' title='bbox 709 3845 813 3931; x_wconf 88' lang='grc' dir='ltr'><strong><em>μέλαν</em></strong></span> <span class='ocrx_word' id='word_1_278' title='bbox 836 3840 917 3932; x_wconf 85' lang='grc' dir='ltr'><strong><em>αἷμα</em></strong></span> <span class='ocrx_word' id='word_1_279' title='bbox 940 3846 1088 3911; x_wconf 78' lang='grc' dir='ltr'><strong><em>πολιτᾶν.</em></strong></span> <span class='ocrx_word' id='word_1_280' title='bbox 1114 3881 1155 3892; x_wconf 79' lang='lat'><strong><em>-</em></strong></span> <span class='ocrx_word' id='word_1_281' title='bbox 1180 3843 1266 3930; x_wconf 78' lang='lat' dir='ltr'><strong>Sept.</strong></span> <span class='ocrx_word' id='word_1_282' title='bbox 1290 3870 1319 3911; x_wconf 81' lang='lat' dir='ltr'><strong>u.</strong></span> <span class='ocrx_word' id='word_1_283' title='bbox 1345 3847 1407 3911; x_wconf 79' lang='lat'><strong>736</strong></span> <span class='ocrx_word' id='word_1_284' title='bbox 1423 3870 1485 3931; x_wconf 87' lang='lat' dir='ltr'><strong>sq.:</strong></span> <span class='ocrx_word' id='word_1_285' title='bbox 1515 3848 1598 3912; x_wconf 82' lang='grc' dir='ltr'><strong><em>ἐπει-</em></strong></span> 
     </span>
     <span class='ocr_line' id='line_1_32' title="bbox 242 3943 1597 4041; baseline -0.001 -20"><span class='ocrx_word' id='word_1_286' title='bbox 242 3981 245 3988; x_wconf 96' lang='grc'><em>·</em></span> <span class='ocrx_word' id='word_1_287' title='bbox 291 3951 356 4021; x_wconf 76' lang='grc' dir='ltr'><strong>θάν</strong></span> <span class='ocrx_word' id='word_1_288' title='bbox 371 4007 378 4020; x_wconf 90' lang='grc'><strong><em>.</em></strong></span> <span class='ocrx_word' id='word_1_289' title='bbox 393 4006 400 4020; x_wconf 93' lang='grc'><strong><em>.</em></strong></span> <span class='ocrx_word' id='word_1_290' title='bbox 416 4008 423 4021; x_wconf 94' lang='grc'><strong><em>.</em></strong></span> <span class='ocrx_word' id='word_1_291' title='bbox 442 3957 565 4040; x_wconf 85' lang='grc' dir='ltr'><strong><em>χθονία</em></strong></span> <span class='ocrx_word' id='word_1_292' title='bbox 585 3953 709 4038; x_wconf 80' lang='lat' dir='ltr'><strong>(Herm.</strong></span> <span class='ocrx_word' id='word_1_293' title='bbox 729 3952 823 4041; x_wconf 77' lang='grc' dir='ltr'><strong><em>γαΐα)</em></strong></span> <span class='ocrx_word' id='word_1_294' title='bbox 845 3951 939 4031; x_wconf 87' lang='grc' dir='ltr'><strong><em>κόνις</em></strong></span> <span class='ocrx_word' id='word_1_295' title='bbox 957 3956 1015 4040; x_wconf 77' lang='grc' dir='ltr'><strong>πίῃ</strong></span> <span class='ocrx_word' id='word_1_296' title='bbox 1038 3950 1262 4037; x_wconf 78' lang='grc' dir='ltr'><strong><em>Μελαμπαγὲς</em></strong></span> <span class='ocrx_word' id='word_1_297' title='bbox 1285 3943 1367 4037; x_wconf 89' lang='grc' dir='ltr'><strong><em>αἷμα</em></strong></span> <span class='ocrx_word' id='word_1_298' title='bbox 1389 3957 1534 4036; x_wconf 87' lang='grc' dir='ltr'><strong><em>φοίνιον.</em></strong></span> <span class='ocrx_word' id='word_1_299' title='bbox 1556 3991 1597 4002; x_wconf 65' lang='grc'><strong>»-</strong></span> 
     </span>
     <span class='ocr_line' id='line_1_33' title="bbox 290 4051 1598 4147; baseline -0.001 -21"><span class='ocrx_word' id='word_1_300' title='bbox 290 4063 366 4146; x_wconf 90' lang='lat' dir='ltr'><strong>Ipsa</strong></span> <span class='ocrx_word' id='word_1_301' title='bbox 385 4067 471 4127; x_wconf 87' lang='lat' dir='ltr'><strong>terra</strong></span> <span class='ocrx_word' id='word_1_302' title='bbox 491 4063 682 4147; x_wconf 86' lang='lat' dir='ltr'><strong>sanguinem</strong></span> <span class='ocrx_word' id='word_1_303' title='bbox 702 4063 786 4127; x_wconf 91' lang='lat' dir='ltr'><strong>bibit</strong></span> <span class='ocrx_word' id='word_1_304' title='bbox 806 4060 891 4146; x_wconf 80' lang='lat' dir='ltr'><strong>Sept.</strong></span> <span class='ocrx_word' id='word_1_305' title='bbox 911 4085 938 4126; x_wconf 85' lang='lat' dir='ltr'><strong>v.</strong></span> <span class='ocrx_word' id='word_1_306' title='bbox 955 4063 1031 4126; x_wconf 82' lang='lat'>821:</span> <span class='ocrx_word' id='word_1_307' title='bbox 1055 4061 1205 4125; x_wconf 87' lang='grc' dir='ltr'><strong><em>πέπωκεν</em></strong></span> <span class='ocrx_word' id='word_1_308' title='bbox 1225 4051 1306 4144; x_wconf 84' lang='grc' dir='ltr'><strong><em>αἷμα</em></strong></span> <span class='ocrx_word' id='word_1_309' title='bbox 1324 4054 1397 4142; x_wconf 79' lang='grc' dir='ltr'><strong><em>γαῖ’</em></strong></span> <span class='ocrx_word' id='word_1_310' title='bbox 1418 4054 1476 4125; x_wconf 82' lang='grc' dir='ltr'><strong>ὑπ’</strong></span> <span class='ocrx_word' id='word_1_311' title='bbox 1499 4055 1598 4145; x_wconf 81' lang='grc' dir='ltr'><strong><em>ἀλλή-</em></strong></span> 
     </span>
     <span class='ocr_line' id='line_1_34' title="bbox 290 4165 1601 4255; baseline -0.002 -23"><span class='ocrx_word' id='word_1_312' title='bbox 290 4174 360 4234; x_wconf 92' lang='grc' dir='ltr'><strong>λων</strong></span> <span class='ocrx_word' id='word_1_313' title='bbox 383 4165 489 4255; x_wconf 83' lang='grc' dir='ltr'><strong><em>φόνφ.</em></strong></span> <span class='ocrx_word' id='word_1_314' title='bbox 531 4168 679 4232; x_wconf 88' lang='lat' dir='ltr'><strong>Athaco</strong></span> <span class='ocrx_word' id='word_1_315' title='bbox 703 4168 831 4252; x_wconf 88' lang='lat' dir='ltr'><strong>quidem</strong></span> <span class='ocrx_word' id='word_1_316' title='bbox 854 4169 953 4232; x_wconf 87' lang='lat' dir='ltr'><strong>verba</strong></span> <span class='ocrx_word' id='word_1_317' title='bbox 981 4169 1022 4232; x_wconf 92' lang='lat' dir='ltr'><strong>ab</strong></span> <span class='ocrx_word' id='word_1_318' title='bbox 1046 4167 1209 4252; x_wconf 81' lang='lat' dir='ltr'><strong>Aeschylo</strong></span> <span class='ocrx_word' id='word_1_319' title='bbox 1239 4167 1426 4232; x_wconf 88' lang='lat' dir='ltr'><strong>abiudicant</strong></span> <span class='ocrx_word' id='word_1_320' title='bbox 1448 4169 1601 4239; x_wconf 82' lang='lat' dir='ltr'><strong>nonnulli¹</strong></span> 
     </span>
     <span class='ocr_line' id='line_1_35' title="bbox 291 4274 1597 4360; baseline 0 -22"><span class='ocrx_word' id='word_1_321' title='bbox 291 4275 352 4338; x_wconf 89' lang='lat' dir='ltr'><strong>viri</strong></span> <span class='ocrx_word' id='word_1_322' title='bbox 375 4275 475 4360; x_wconf 80' lang='lat' dir='ltr'><strong>doeti3</strong></span> <span class='ocrx_word' id='word_1_323' title='bbox 503 4281 707 4340; x_wconf 89' lang='lat' dir='ltr'><strong>tamencum</strong></span> <span class='ocrx_word' id='word_1_324' title='bbox 731 4275 917 4340; x_wconf 88' lang='lat' dir='ltr'><strong>Hermanno</strong></span> <span class='ocrx_word' id='word_1_325' title='bbox 941 4277 973 4338; x_wconf 91' lang='lat' dir='ltr'><strong>et</strong></span> <span class='ocrx_word' id='word_1_326' title='bbox 996 4274 1116 4340; x_wconf 91' lang='lat' dir='ltr'><strong>Weilio</strong></span> <span class='ocrx_word' id='word_1_327' title='bbox 1144 4275 1313 4339; x_wconf 89' lang='lat' dir='ltr'><strong>retinenda</strong></span> <span class='ocrx_word' id='word_1_328' title='bbox 1337 4296 1406 4340; x_wconf 87' lang='lat' dir='ltr'><strong>esse</strong></span> <span class='ocrx_word' id='word_1_329' title='bbox 1436 4275 1597 4340; x_wconf 89' lang='lat' dir='ltr'><strong>existima-</strong></span> 
     </span>
     <span class='ocr_line' id='line_1_36' title="bbox 290 4375 1599 4467; baseline 0 -22"><span class='ocrx_word' id='word_1_330' title='bbox 290 4381 400 4446; x_wconf 89' lang='lat' dir='ltr'><strong>verim.</strong></span> <span class='ocrx_word' id='word_1_331' title='bbox 438 4381 486 4448; x_wconf 81' lang='lat' dir='ltr'><strong>Of.</strong></span> <span class='ocrx_word' id='word_1_332' title='bbox 506 4380 651 4466; x_wconf 76' lang='lat' dir='ltr'><strong>Choeph.</strong></span> <span class='ocrx_word' id='word_1_333' title='bbox 674 4405 702 4446; x_wconf 76' lang='grc' dir='ltr'><strong>ν.</strong></span> <span class='ocrx_word' id='word_1_334' title='bbox 722 4384 777 4447; x_wconf 85' lang='lat'><strong>66:</strong></span> <span class='ocrx_word' id='word_1_335' title='bbox 801 4375 912 4467; x_wconf 80' lang='grc' dir='ltr'><strong><em>αἵματ’</em></strong></span> <span class='ocrx_word' id='word_1_336' title='bbox 935 4376 1117 4446; x_wconf 82' lang='grc' dir='ltr'><strong><em>ἐκποθένθ’</em></strong></span> <span class='ocrx_word' id='word_1_337' title='bbox 1143 4375 1209 4447; x_wconf 80' lang='grc' dir='ltr'><strong>ὑπὸ</strong></span> <span class='ocrx_word' id='word_1_338' title='bbox 1230 4377 1380 4465; x_wconf 40' lang='lat' dir='ltr'><strong>ymos&amp;</strong></span> <span class='ocrx_word' id='word_1_339' title='bbox 1403 4381 1479 4446; x_wconf 92' lang='lat' dir='ltr'><strong>ibid.</strong></span> <span class='ocrx_word' id='word_1_340' title='bbox 1499 4405 1528 4446; x_wconf 86' lang='lat' dir='ltr'><strong>v.</strong></span> <span class='ocrx_word' id='word_1_341' title='bbox 1543 4383 1599 4446; x_wconf 82' lang='lat'><strong>97:</strong></span> 
     </span>
     <span class='ocr_line' id='line_1_37' title="bbox 290 4484 1601 4573; baseline 0.001 -21"><span class='ocrx_word' id='word_1_342' title='bbox 290 4485 439 4571; x_wconf 90' lang='grc' dir='ltr'><strong><em>γάποτον</em></strong></span> <span class='ocrx_word' id='word_1_343' title='bbox 458 4485 583 4573; x_wconf 84' lang='grc' dir='ltr'><strong><em>χόοιν.;</em></strong></span> <span class='ocrx_word' id='word_1_344' title='bbox 606 4512 636 4554; x_wconf 89' lang='lat' dir='ltr'><strong>v.</strong></span> <span class='ocrx_word' id='word_1_345' title='bbox 653 4490 731 4554; x_wconf 84' lang='lat'>163:</span> <span class='ocrx_word' id='word_1_346' title='bbox 755 4486 922 4572; x_wconf 81' lang='grc' dir='ltr'><strong><em>γαπότους</em></strong></span> <span class='ocrx_word' id='word_1_347' title='bbox 944 4484 1049 4572; x_wconf 88' lang='grc' dir='ltr'><strong><em>χοάς.;</em></strong></span> <span class='ocrx_word' id='word_1_348' title='bbox 1073 4488 1159 4553; x_wconf 88' lang='lat' dir='ltr'><strong>Pers.</strong></span> <span class='ocrx_word' id='word_1_349' title='bbox 1179 4512 1207 4553; x_wconf 82' lang='lat' dir='ltr'><strong>v.</strong></span> <span class='ocrx_word' id='word_1_350' title='bbox 1223 4489 1302 4553; x_wconf 75' lang='lat'><strong>621:</strong></span> <span class='ocrx_word' id='word_1_351' title='bbox 1324 4484 1492 4572; x_wconf 89' lang='grc' dir='ltr'><strong><em>γαπότους</em></strong></span> <span class='ocrx_word' id='word_1_352' title='bbox 1505 4485 1601 4573; x_wconf 87' lang='grc' dir='ltr'><strong><em>τιμάς</em></strong></span> 
     </span>
     <span class='ocr_line' id='line_1_38' title="bbox 290 4594 1600 4680; baseline 0.002 -22"><span class='ocrx_word' id='word_1_353' title='bbox 290 4596 310 4659; x_wconf 89' lang='lat' dir='ltr'><strong>i.</strong></span> <span class='ocrx_word' id='word_1_354' title='bbox 334 4617 360 4658; x_wconf 92' lang='lat' dir='ltr'><strong>e.</strong></span> <span class='ocrx_word' id='word_1_355' title='bbox 388 4596 560 4661; x_wconf 91' lang='lat' dir='ltr'><strong>libationes</strong></span> <span class='ocrx_word' id='word_1_356' title='bbox 589 4619 608 4660; x_wconf 89' lang='lat' dir='ltr'><strong>a</strong></span> <span class='ocrx_word' id='word_1_357' title='bbox 635 4600 721 4660; x_wconf 91' lang='lat' dir='ltr'><strong>terra</strong></span> <span class='ocrx_word' id='word_1_358' title='bbox 749 4596 916 4661; x_wconf 87' lang='lat' dir='ltr'><strong>bibendas.</strong></span> <span class='ocrx_word' id='word_1_359' title='bbox 948 4631 985 4641; x_wconf 95' lang='lat'>—</span> <span class='ocrx_word' id='word_1_360' title='bbox 1016 4594 1161 4680; x_wconf 90' lang='lat' dir='ltr'><strong>Denique</strong></span> <span class='ocrx_word' id='word_1_361' title='bbox 1189 4617 1247 4679; x_wconf 91' lang='lat' dir='ltr'><strong>per</strong></span> <span class='ocrx_word' id='word_1_362' title='bbox 1275 4595 1526 4680; x_wconf 87' lang='lat' dir='ltr'><strong>metonymiam,</strong></span> <span class='ocrx_word' id='word_1_363' title='bbox 1554 4597 1600 4661; x_wconf 89' lang='lat' dir='ltr'><strong>ita</strong></span> 
     </span>
     <span class='ocr_line' id='line_1_39' title="bbox 292 4685 1599 4788; baseline 0.001 -22"><span class='ocrx_word' id='word_1_364' title='bbox 292 4707 328 4766; x_wconf 91' lang='lat' dir='ltr'><strong>ut</strong></span> <span class='ocrx_word' id='word_1_365' title='bbox 352 4685 563 4768; x_wconf 90' lang='lat' dir='ltr'><strong>comissantes</strong></span> <span class='ocrx_word' id='word_1_366' title='bbox 586 4704 826 4788; x_wconf 88' lang='lat' dir='ltr'><strong>intellegantur,</strong></span> <span class='ocrx_word' id='word_1_367' title='bbox 849 4701 1057 4786; x_wconf 83' lang='lat' dir='ltr'><strong>explicandus</strong></span> <span class='ocrx_word' id='word_1_368' title='bbox 1082 4707 1131 4766; x_wconf 90' lang='lat' dir='ltr'><strong>est</strong></span> <span class='ocrx_word' id='word_1_369' title='bbox 1155 4703 1216 4787; x_wconf 80' lang='lat' dir='ltr'><strong>Ag.</strong></span> <span class='ocrx_word' id='word_1_370' title='bbox 1240 4725 1268 4766; x_wconf 86' lang='lat' dir='ltr'><strong>v.</strong></span> <span class='ocrx_word' id='word_1_371' title='bbox 1290 4701 1385 4784; x_wconf 81' lang='lat'><strong>1188,</strong></span> <span class='ocrx_word' id='word_1_372' title='bbox 1408 4702 1471 4765; x_wconf 93' lang='lat' dir='ltr'><strong>ubi</strong></span> <span class='ocrx_word' id='word_1_373' title='bbox 1486 4703 1599 4768; x_wconf 88' lang='lat' dir='ltr'><strong>comis-</strong></span> 
     </span>
     <span class='ocr_line' id='line_1_40' title="bbox 293 4803 1601 4896; baseline 0.001 -23"><span class='ocrx_word' id='word_1_374' title='bbox 293 4810 375 4874; x_wconf 90' lang='lat' dir='ltr'><strong>satio</strong></span> <span class='ocrx_word' id='word_1_375' title='bbox 399 4811 568 4876; x_wconf 87' lang='lat' dir='ltr'><strong>hominum</strong></span> <span class='ocrx_word' id='word_1_376' title='bbox 598 4811 790 4896; x_wconf 89' lang='lat' dir='ltr'><strong>sanguinem</strong></span> <span class='ocrx_word' id='word_1_377' title='bbox 819 4810 929 4876; x_wconf 86' lang='lat' dir='ltr'><strong>bibere</strong></span> <span class='ocrx_word' id='word_1_378' title='bbox 958 4809 1098 4874; x_wconf 87' lang='lat' dir='ltr'><strong>videtur:</strong></span> <span class='ocrx_word' id='word_1_379' title='bbox 1130 4805 1277 4894; x_wconf 78' lang='grc' dir='ltr'><strong><em>καὶμὴν</em></strong></span> <span class='ocrx_word' id='word_1_380' title='bbox 1305 4805 1463 4886; x_wconf 78' lang='grc' dir='ltr'><strong><em>πεπωκώς</em></strong></span> <span class='ocrx_word' id='word_1_381' title='bbox 1485 4804 1532 4893; x_wconf 84' lang='grc' dir='ltr'><strong>γ’,</strong></span> <span class='ocrx_word' id='word_1_382' title='bbox 1555 4803 1601 4888; x_wconf 80' lang='grc' dir='ltr'><strong>ἀς</strong></span> 
     </span>
     <span class='ocr_line' id='line_1_41' title="bbox 291 4907 1411 5003; baseline -0.003 -20"><span class='ocrx_word' id='word_1_383' title='bbox 291 4914 526 5003; x_wconf 78' lang='grc' dir='ltr'><strong><em>θρασύνεσθαι</em></strong></span> <span class='ocrx_word' id='word_1_384' title='bbox 550 4914 663 5000; x_wconf 87' lang='grc' dir='ltr'><strong><em>πλέον,</em></strong></span> <span class='ocrx_word' id='word_1_385' title='bbox 686 4913 849 5000; x_wconf 81' lang='grc' dir='ltr'><strong><em>Βρότειον</em></strong></span> <span class='ocrx_word' id='word_1_386' title='bbox 873 4907 953 5001; x_wconf 87' lang='grc' dir='ltr'><strong><em>αἷμα</em></strong></span> <span class='ocrx_word' id='word_1_387' title='bbox 976 4917 1087 4999; x_wconf 78' lang='grc' dir='ltr'><strong><em>κῶμος</em></strong></span> <span class='ocrx_word' id='word_1_388' title='bbox 1110 4916 1145 4982; x_wconf 84' lang='grc' dir='ltr'><strong>έν</strong></span> <span class='ocrx_word' id='word_1_389' title='bbox 1170 4912 1286 4999; x_wconf 81' lang='grc' dir='ltr'><strong><em>δόμοις</em></strong></span> <span class='ocrx_word' id='word_1_390' title='bbox 1309 4912 1411 4999; x_wconf 88' lang='grc' dir='ltr'><strong><em>μένει.</em></strong></span> 
     </span>
    </p>
   </div>
   <div class='ocr_carea' id='block_1_8' title="bbox 0 0 1814 5540">
    <p class='ocr_par' dir='ltr' id='par_1_9' title="bbox 0 0 1814 5540">
     <span class='ocr_line' id='line_1_42' title="bbox 0 0 1814 5540; baseline 0 0"><span class='ocrx_word' id='word_1_391' title='bbox 0 0 1814 5540; x_wconf 95' lang='lat' dir='ltr'><strong> </strong></span> 
     </span>
    </p>
   </div>
  </div>
 </body>
</html>
