3610 5542
823 335 1042 400 „24-

350 493 565 580 Sequentibus
589 497 630 578 §fi
654 495 824 560 materiam
846 495 894 560 ita
920 499 1060 561 tractare
1084 518 1101 560 e
1129 516 1163 560 re
1191 473 1261 560 esde
1283 496 1423 581 videtur,
1451 501 1489 562 ut
1511 519 1565 564 eas

261 602 493 668 translationes
525 623 771 687 componamus,
804 601 1046 687 quibuscunque
1080 625 1131 686 ea,
1164 623 1246 686 quae
1275 607 1351 668 sunt
1377 604 1567 688 inanimata,

260 710 355 796 quasi
379 712 452 775 viva
474 710 580 794 magis
604 709 772 794 magisque
795 709 1000 776 illustrantur
1028 731 1065 775 ac
1089 708 1148 774 sub
1172 713 1339 791 aspectum
1365 731 1470 794 paene
1494 710 1567 774 snb·

260 817 410 882 iciuntur.
452 815 557 892 Quam
585 816 626 881 ob
655 837 722 882 rem
750 817 815 882 iam
843 817 1007 882 hominem
1033 816 1107 882 inde
1135 839 1155 882 a
1180 817 1348 882 cunabulis
1376 839 1434 902 per
1460 795 1568 882 totum

261 924 349 990 vitae
372 923 513 1008 spatium
532 926 687 1008 tanquam
706 928 937 1008 prosequentes
955 923 1131 1007 videamus,
1155 923 1315 1008 quomodo
1335 924 1458 1008 singuli
1481 928 1568 988 aeta-

261 1031 304 1096 tis
327 1030 489 1095 humanae
512 1031 646 1116 gradus,
672 1029 838 1096 hominum
862 1029 1114 1096 necessitudines
1138 1029 1294 1114 rationes,
1323 1030 1466 1114 corporis
1490 1029 1571 1094 vitia

262 1137 455 1222 debilitates,
469 1141 576 1202 motus
590 1138 744 1220 actiones,
758 1136 881 1221 ingenii
891 1137 1061 1202 facultates
1073 1137 1310 1219 occupationes,
1324 1137 1424 1200 animi
1435 1136 1569 1201 affectus

262 1244 483 1330 permotiones
507 1245 547 1308 ad
569 1265 621 1310 res
643 1244 804 1309 inanimus
828 1247 861 1308 et
883 1244 1031 1309 notiones
1055 1243 1173 1308 mentis
1197 1243 1358 1306 translata
1381 1243 1456 1308 sint.
1508 1261 1515 1272 ·

879 1509 952 1592 aa.

265 1639 312 1706 lle
336 1635 651 1706 conformationibus
675 1651 696 1702 a
719 1633 859 1720 singulis
882 1634 1044 1701 humanae
1064 1633 1185 1746 aetatis
1208 1633 1368 1720 madibus
1391 1633 1571 1702 arcessitis.

352 1781 449 1846 Haud
471 1780 519 1844 ita
542 1779 663 1844 multae
682 1779 866 1844 huiusmodi
891 1779 1046 1862 imagines
1069 1778 1155 1863 apud
1173 1777 1371 1862 Aeschylum
1391 1780 1572 1843 occurrunt.

264 1887 310 1954 Ut
333 1887 373 1952 ah
397 1887 447 1970 iis,
471 1907 551 1969 quas
571 1884 610 1949 de
634 1889 707 1950 ortu
730 1885 784 1949 ille
808 1885 1016 1980 deprfflpsit,
1039 1885 1291 1970 proficiscamur,
1314 1889 1437 1952 eterra
1460 1905 1573 1949 omnes

263 2017 314 2060 res
346 1993 587 2078 progignuntur
617 1989 759 2076 Ohoeph.
791 2016 821 2058 v.
851 1994 926 2058 1271
963 1989 1018 2056 καὶ
1050 1981 1151 2076 γαίαν
1183 1988 1306 2078 αὐτήν,
1337 1987 1359 2078 ἣ
1390 1988 1429 2058 τὰ
1462 1989 1572 2056 πάντα

264 2103 414 2168 τίκτεται.
463 2097 509 2166 Of.
533 2099 649 2184 fragm.
672 2100 730 2182 41,
753 2099 783 2163 4.
807 2135 849 2146 --
874 2098 962 2174 Quae
986 2098 1217 2164 translationes
1241 2124 1341 2185 aeque
1369 2123 1408 2166 ex
1431 2098 1574 2184 mythice

266 2208 462 2276 Graecorum
496 2207 647 2290 opinione
675 2205 838 2270 fluxerunt
863 2211 959 2290 atque
988 2227 1039 2290 ea,
1072 2227 1153 2290 qnae
1183 2203 1294 2291 Suppl.
1323 2230 1351 2273 v.
1375 2208 1440 2273 674
1467 2210 1574 2270 exstat

266 2313 471 2399 metaphora:
494 2317 664 2379 τίκτεσθαι
688 2308 724 2377 δὲ
743 2308 917 2400 φόρους48)
937 2307 1150 2397 φᾶς”Αλλους
1169 2307 1327 2398 εὐχόμεθ’
1350 2309 1411 2379 ιἰεί.
1447 2312 1572 2378 Dicitur

267 2423 374 2486 autem
398 2419 437 2484 de
460 2419 619 2504 frugibus,
642 2439 724 2503 quae
748 2441 767 2482 a
789 2423 876 2482 terra
894 2422 1114 2502 procreantur.
1139 2457 1179 2468 -
1204 2419 1255 2484 Ex
1278 2421 1352 2505 igne
1376 2421 1459 2486 freni
1482 2420 1573 2504 quasi

267 2531 342 2592 sunt
365 2527 435 2590 nati
459 2525 545 2610 Sept.
565 2526 690 2591 12071
724 2522 991 2613 κυριγενετνῖν49)
1014 2527 1170 2610 χαλινῶν.
1208 2526 1455 2612 Haec'vulgata
1479 2528 1575 2610 scrip-

267 2638 342 2699 tura
364 2633 534 2698 retinenda
553 2632 632 2696 mihi
650 2632 786 2696 videtur.
824 2630 1046 2698 Conformatio
1069 2633 1156 2699 enim
1177 2633 1331 2719 Aeschyli
1349 2635 1478 2719 ingenio
1499 2656 1576 2698 sane

269 2741 474 2826 dignissima!
510 2739 614 2823 Atque
632 2740 740 2804 nescio
765 2761 807 2802 an
826 2737 1012 2803 Dindorfius
1036 2740 1127 2804 nulla
1150 2761 1184 2804 re
1208 2745 1338 2806 coactus
1363 2763 1401 2806 ex
1420 2740 1578 2825 Hesychii

269 2849 379 2934 glossa
407 2847 697 2931 ,,κυριβρεμετιῖν“
725 2847 760 2910 11
788 2849 914 2910 textum
942 2848 1107 2930 receperit.
1131 2883 1173 2892 -
1197 2846 1267 2912 Lux
1295 2848 1410 2911 diurna
1437 2867 1454 2910 e
1482 2849 1577 2911 nocte

268 2955 414 3020 nascitur
437 2953 499 3040 Ag.
522 2976 550 3017 v.
574 2954 655 3034 279:
678 2955 736 3036 τῆς
759 2955 825 3019 νόν
848 2950 1008 3037 τεκούσης
1031 2955 1103 3037 φῶς
1125 2948 1197 3019 τόδ’
1224 2949 1395 3039 εὐφρόνης
1417 2951 1511 3036 λέγω.
1538 2989 1576 2998 -

268 3062 318 3126 De
342 3059 452 3145 Suppl.
475 3083 503 3125 v.
525 3062 598 3144 770,
622 3061 678 3124 ubi
702 3083 718 3124 e
738 3063 833 3124 nocte
857 3062 965 3126 nautis
990 3061 1082 3145 quasi
1104 3060 1231 3126 dolores
1256 3061 1443 3146 gignuntur,
1466 3061 1575 3125 videas

270 3170 339 3248 §8.
360 3203 400 3213 -
423 3167 548 3233 Deinde
571 3167 677 3232 flendo
702 3171 734 3230 et
757 3168 966 3232 lamentando
990 3168 1130 3252 gemitus
1155 3168 1253 3232 etiam
1277 3169 1405 3252 aegrius
1429 3166 1580 3230 ferendus

270 3275 397 3359 paritur
420 3272 507 3358 Sept.
535 3297 563 3338 v.
588 3274 652 3338 656
676 3295 736 3357 sq:
770 3267 843 3338 ἀλλ’
874 3263 959 3338 οὔτε
980 3277 1107 3338 κλαίειν
1136 3267 1208 3338 οὔτ’
1240 3268 1425 3359 ὀδύρεσθαι
1453 3271 1579 3358 πρέπει,

272 3378 331 3466 Μὴ
357 3379 412 3446 καὶ
435 3382 588 3466 τεκνωθῇ
618 3377 873 3465 δυσφορώτερος
896 3377 984 3464 νόος.
1006 3415 1051 3426 -
1074 3379 1179 3447 Pavor
1206 3382 1247 3446 ab
1272 3381 1405 3448 audacia
1433 3381 1526 3466 quasi
1548 3379 1581 3443 in

271 3482 376 3555 lucem
401 3489 508 3554 editur
531 3487 642 3571 Suppl.
667 3509 694 3552 v.
714 3489 792 3554 498:
823 3485 967 3571 φύλαξαι
986 3483 1030 3572 μὴ
1055 3485 1185 3573 θρόσος
1206 3487 1282 3574 τέκῃ
1302 3485 1423 3570 φόβον.
1458 3486 1505 3552 Of.
1519 3486 1582 3571 Ag.

273 3620 302 3664 v.
327 3596 389 3661 751
406 3619 486 3681 sqq:
519 3592 619 3679 λόγος
641 3593 809 3679 Τίτνκται,
833 3595 938 3680 μέγαν
960 3594 1159 3661 τελεσθέντα
1182 3589 1292 3678 φωτὸς
1315 3589 1419 3677 όλβον
1442 3595 1583 3660 Τεκνοῦ-

275 3711 357 3769 σθαι
381 3697 459 3788 μηδ’
481 3698 607 3767 όίκαιὸα
625 3699 801 3786 θνήσκειν,
824 3703 844 3768 1.
859 3725 916 3769 ae
939 3703 1039 3768 nimia
1061 3702 1277 3786 prosperitate
1296 3701 1480 3766 hominibus
1500 3703 1583 3766 oa'la-

276 3813 406 3876 mitates
434 3811 524 3875 nasci
553 3810 667 3874 solent.
698 3847 735 3856 -
765 3809 847 3876 lbid.
875 3834 903 3875 v.
929 3810 990 3875 757
1017 3830 1098 3894 sqq.:
1136 3802 1173 3872 τὸ
1203 3805 1362 3892 δυσσεβὲς
1389 3804 1454 3894 γὰρ
1483 3809 1583 3893 ἔργον

276 3913 371 3984 Μετὰ
396 3913 458 4000 μὲν
480 3919 618 3982 πλείονα
641 3919 757 3999 τίκτει,
786 3916 927 4005 σφετέρᾳ
956 3911 986 3980 d'
1014 3912 1125 3981 εἰκότα
1147 3913 1260 4002 γέννᾳ.
1286 3953 1324 3962 -
1350 3915 1390 3981 V.
1415 3916 1478 3980 763
1502 3935 1584 3998 sqq.:

276 4031 370 4111 φιλεῖ
386 4020 423 4090 oi
442 4027 563 4089 τίκτειν
583 4019 680 4108 ὕβρις
703 4019 764 4107 μὲν
784 4019 907 4088 παλαιὰ
927 4021 1111 4101 νεόζουσαν
1134 4022 1171 4086 ἐν
1191 4033 1305 4098 κακοῖς
1323 4023 1455 4108 βροτῶν
1473 4019 1585 4106 ὕβριν,

282 4127 360 4196 Τότ’
386 4124 407 4216 ἢ
431 4125 522 4213 τόθ’,
547 4125 627 4196 όταν
651 4126 687 4195 τὸ
712 4127 833 4214 κόριον
855 4129 940 4217 μόλῃ
965 4127 1053 4216 φόος
1075 4127 1185 4196 τόκον.
1232 4129 1372 4194 Maxime
1396 4131 1482 4194 enim
1506 4129 1598 4195 veri·

279 4238 394 4304 similis
418 4239 496 4303 haec
520 4239 678 4322 scriptura
706 4239 746 4303 ab
771 4237 900 4322 Engero
929 4242 963 4302 et
984 4236 1152 4303 Dindorfio
1182 4233 1273 4320 (edit.
1296 4236 1384 4321 Lips.
1410 4234 1510 4325 1869)
1533 4259 1585 4301 ex·

204 4339 207 4344 ⁸
277 4339 387 4410 hibita
407 4346 488 4409 mihi
510 4345 646 4411 videtur.

368 4450 440 4517 Iam
463 4474 538 4518 uero
559 4453 600 4516 ab
620 4455 691 4516 ort-u
710 4452 749 4515 ad
771 4451 943 4534 pueritiam
961 4452 1013 4517 vel
1031 4453 1231 4516 iuventutem
1249 4455 1467 4535 transeamus,
1489 4473 1587 4535 quam

172 4637 175 4642 Ι
281 4563 378 4645 poeta
404 4559 553 4624 flammae
581 4559 696 4624 tribuit
722 4559 839 4642 fragm.
858 4560 936 4624 372:
966 4553 1099 4642 ὑψηλὸν
1126 4553 1279 4642 ἡβάσασα
1304 4556 1478 4642 (Heathius
1505 4553 1586 4641 ἡβή-

283 4663 384 4754 σασα)
406 4662 574 4732 τεκτόνων
597 4662 704 4731 στόνον
734 4662 848 4752 (intell.
872 4661 956 4750 φλόξ
980 4663 1157 4752 συνεῖλεν).
1182 4702 1223 4712 —-
1247 4666 1296 4730 De
1322 4665 1437 4750 fragm.
1462 4665 1535 4748 178,
1559 4663 1588 4746 5,

283 4776 339 4840 ubi
372 4796 486 4838 manus
518 4767 634 4858 ἡβῶσα
666 4777 813 4852 uocatur,
845 4797 875 4858 p.
906 4776 945 4839 18
979 4774 1099 4839 dictum
1130 4776 1188 4838 est.
1218 4809 1255 4818 -
1287 4772 1335 4837 De
1363 4770 1424 4856 Ag.
1456 4795 1484 4836 v.
1510 4772 1588 4836 765:

283 4877 469 4960 νεόζονσαν
506 4875 608 4967 ὕβριν
639 4881 701 4946 vid.
729 4882 827 4966 paulo
856 4903 962 4965 supra.
992 4918 1030 4928 -
1067 4880 1253 4966 Virginales
1287 4882 1443 4945 vocantur
1480 4879 1587 4944 fontes
