3610 5542
784 401 1005 466 ..50-

244 559 293 624 De
316 559 423 625 Prom.
446 583 479 625 v.
502 561 565 625 727
591 561 651 626 vid.
675 563 695 641 ξ
715 561 745 639 5,
768 583 797 644 p.
818 561 869 626 30.
896 597 932 607 -
963 559 1032 626 Νεο
1060 561 1165 625 minus
1193 561 1259 626 fere
1288 562 1425 626 alterum
1454 564 1549 628 alteri

244 666 364 732 infesta
387 659 535 732 v'identur
559 672 686 734 acetum
709 672 742 732 et
767 669 872 732 oleum
897 651 1037 732 idem'in
1060 690 1117 732 vas
1141 667 1248 732 infusa
1271 667 1331 754 Ag.
1355 693 1383 733 y.
1408 671 1473 735 322
1489 693 1549 755 sq.:
1587 669 1588 672 ’

243 769 319 852 ὅξος
346 769 376 838 τ’
403 769 524 860 ἄλειφά
553 769 582 838 τ’
609 773 723 859 ἐχχίας
749 769 858 863 ταύτῷ
887 771 978 840 κύτει
1003 769 1265 859 Διχοστατούντ’
1291 770 1351 858 ἄν,
1380 771 1421 841 ού
1449 779 1549 861 φίλω,

241 879 491 966 προσεννέποις.
508 917 545 926 -
563 881 613 946 Ex
633 882 727 945 rebus
747 886 817 945 arte
836 873 956 944 effectis
976 881 1124 944 inimicus
1144 880 1279 966 fingitur
1297 885 1399 946 lectus
1414 883 1549 967 Thyesti

244 986 389 1052 adultere
414 986 475 1072 Ag.
500 1011 528 1054 v.
554 988 652 1052 1193:
676 981 778 1064 εὐνὰς
800 980 951 1072 ἀδελφοῦ
974 987 1019 1075 τῷ
1043 988 1203 1052 πατοῦντι
1228 990 1411 1073 δυσμενεῖς.

330 1092 571 1178 Iniquissimam
590 1092 698 1159 Persis
720 1093 821 1158 fuisse
840 1093 1002 1158 fortunam
1028 1093 1148 1158 Atossa
1166 1096 1312 1179 queritur
1325 1095 1412 1160 Pers.
1428 1119 1456 1160 v.
1466 1097 1547 1162 438:

241 1197 296 1264 aul
323 1202 373 1278 τίς
395 1195 516 1284 γίνοιτ’
543 1193 587 1265 δν
610 1194 704 1284 τῆσδ’
726 1194 777 1264 ·ε”’τ’
804 1200 928 1284 ἐχθίων
957 1196 1054 1284 τύχης
1080 1237 1120 1246 -
1145 1199 1308 1267 Malevola
1331 1204 1479 1288 pingitur
1502 1204 1548 1266 in·

242 1307 330 1371 vidia
354 1308 414 1393 Ag.
437 1331 466 1372 v.
490 1308 555 1373 834
579 1330 638 1392 sq.:
667 1303 830 1390 δύσφρων
857 1301 921 1391 γὰρ
951 1301 1001 1382 ίδς
1027 1307 1170 1388 καρδίαν
1198 1304 1409 1393 προσήμενος
1423 1305 1549 1392 ”Αχθος

243 1414 402 1494 διπλοίζει
434 1415 479 1505 τῷ
512 1411 688 1501 πεπαμένῳ
721 1412 825 1478 νόσον
857 1410 911 1498 (cf.
940 1414 1017 1496 66,
1049 1435 1079 1496 p.
1103 1412 1170 1498 38).
1204 1453 1246 1460 -
1277 1417 1326 1479 Ac
1358 1416 1549 1480 lamentatio

242 1519 451 1588 adumbratur
474 1521 559 1586 hunc
582 1521 616 1584 in
639 1519 782 1584 modum:
812 1514 950 1602 δαϊκτὴρ
979 1517 1059 1602 γόος
1086 1512 1306 1602 αύτόστουος,
1334 1515 1549 1605 αὐτοπήμων,

241 1622 432 1712 δαϊόφρων
454 1631 521 1691 κτλ.
567 1624 669 1710 (Sept.
694 1627 759 1690 916
784 1649 830 1711 sq.
853 1627 914 1690 vid.
938 1649 968 1709 p.
991 1625 1068 1712 49).

330 1733 502 1798 Iracundia
530 1737 684 1816 tanquam
712 1735 863 1798 incensae
892 1736 968 1797 sunt
994 1733 1153 1815 procellae
1178 1733 1321 1818 Choeph.
1344 1759 1372 1800 v.
1397 1736 1462 1800 592
1488 1758 1549 1821 sq.:

241 1835 453 1925 ιἰυεμοέντων
477 1841 629 1922 Αίγίδων
653 1835 781 1923 φράσαι
803 1835 913 1905 κότον.
938 1839 1090 1905 —Iram
1115 1841 1284 1905 dimittunt
1307 1843 1396 1906 venti
1420 1842 1549 1906 Thracii

240 1946 431 2032 Iphigeniae
450 1947 672 2012 immolatione
691 1947 845 2030 permulsi
866 1945 926 2030 Ag.
941 1969 969 2010 v.
988 1947 1071 2010 1417
1088 1969 1147 2029 sq.:
1171 1949 1295 2012 ἔθυσεν
1319 1943 1425 2013 αὑτοῦ
1443 1951 1547 2013 παῖδα

242 2105 248 2118 .
268 2103 275 2118 .
294 2103 301 2116 .
321 2050 454 2141 ἑπφδδν
477 2055 632 2139 Θρῃκίων
656 2047 824 2136 ύημύτων.
843 2088 887 2100 -
904 2051 936 2115 'V
940 2053 1016 2116 erbo
1035 2055 1217 2136 μαίνεσθαι
1237 2055 1350 2119 aether
1368 2056 1550 2119 illustratur

241 2157 328 2244 Sept.
351 2182 381 2224 v.
402 2159 479 2224 155:
504 2160 741 2244 δορυτίυακτος
765 2153 869 2245 αἰθὴρ
894 2158 1108 2243 ἐπιμαίνεται.
1126 2197 1171 2214 ν-
1194 2161 1266 2224 Huc
1290 2166 1456 2244 praeterea
1479 2184 1549 2246 per-

243 2267 325 2331 tinet
347 2265 408 2351 Ag.
432 2290 461 2332 v.
486 2268 565 2333 822:
597 2262 706 2350 πύμας
737 2260 940 2351 ὑπερκότους
973 2267 992 2332 i.
1021 2289 1046 2329 e.
1075 2268 1228 2332 iracunda
1260 2269 1356 2352 retia,
1389 2269 1548 2353 siquidem

240 2377 326 2438 recte
355 2395 390 2438 se
417 2374 518 2439 habet
542 2371 720 2437 Hermanni
742 2371 853 2436 Weilii
876 2372 1002 2458 Engeri
1028 2376 1200 2457 scriptura,
1224 2375 1257 2438 id
1281 2376 1367 2460 quod
1391 2379 1550 2461 negantes

239 2480 391 2544 nonnulli
413 2481 473 2544 viri
498 2481 581 2544 docti
601 2481 683 2543 alius
703 2478 801 2543 aliam
821 2480 1040 2544 coniecturam
1061 2481 1274 2564 protulerunt
1289 2520 1333 2528 -—
1347 2476 1428 2564 ’Ἁτη
1451 2482 1549 2546 hasta

241 2587 343 2650 saevit
367 2584 453 2671 Sept.
477 2610 505 2651 v.
524 2587 589 2651 686
614 2609 674 2670 sq.:
697 2581 926 2668 δυμοπληθὴς
950 2586 1154 2670 δορίμαργος
1177 2583 1248 2652 ἄτα.
1276 2627 1313 2634 -
1339 2591 1549 2671 Παλίγκοτος

240 2696 273 2757 et
296 2692 428 2757 fortuna
452 2694 586 2758 adversa
608 2693 743 2776 fingitur
767 2693 828 2776 Ag.
842 2715 872 2756 v.
887 2693 950 2756 571
976 2696 1008 2756 et
1031 2694 1118 2757 fama
1141 2694 1239 2758 eiusd.
1258 2695 1280 2758 f.
1294 2717 1322 2758 v.
1339 2695 1412 2777 863,
1430 2718 1459 2759 v.
1475 2695 1549 2760 874.
1585 2729 1587 2733 >

240 2836 281 2846 —
304 2800 380 2883 Ipsa
404 2799 539 2884 denique
562 2821 652 2862 mens
675 2803 833 2884 tanquam
856 2798 935 2862 furit
958 2796 1044 2882 Sept.
1058 2822 1088 2863 v.
1104 2799 1182 2864 966:
1206 2803 1358 2882 μαίνεται
1458 2797 1549 2886 φρήν

241 2905 296 2990 (cf.
320 2907 362 2972 ib.
385 2930 414 2970 v.
433 2907 508 2989 484,
531 2929 560 2970 v.
581 2906 660 2992 7813
683 2908 744 2991 Ag.
767 2930 797 2971 v.
820 2903 932 2992 1427);
961 2905 1149 2970 difficillime
1178 2929 1253 2971 vero
1282 2909 1311 2971 ei
1339 2909 1550 2991 persuadetur

241 3011 567 3100 (δυσπαραβούλοισι
593 3017 714 3099 φρεσίν
738 3013 849 3097 Suppl.
868 3037 897 3077 v.
915 3011 1001 3099 106),
1025 3015 1145 3078 etenim
1170 3013 1249 3077 dura
1273 3017 1306 3077 et
1329 3015 1421 3097 quasi
1445 3014 1548 3078 ferrea
1641 3082 1647 3094 ,

241 3126 292 3186 est
315 3120 547 3207 (σιδηρόφρων
572 3120 658 3205 Sept.
681 3144 710 3185 v.
737 3117 803 3205 52).

329 3228 519 3294 Extremum
543 3231 601 3308 est,
624 3230 661 3289 ut
684 3248 804 3310 paucas
828 3227 950 3311 figuras
975 3225 1195 3309 adnectamus,
1225 3226 1341 3310 quibus
1366 3227 1429 3290 alia
1453 3250 1547 3310 quae-

241 3336 315 3400 dam
338 3337 417 3400 vitia
440 3334 554 3416 animi,
582 3338 619 3396 ut
641 3333 689 3397 ita
713 3333 831 3416 dicam,
861 3333 970 3416 qualia
993 3337 1069 3396 sunt
1091 3332 1212 3396 ferocia
1235 3333 1386 3417 superbia
1407 3334 1551 3418 ignavia,

240 3443 336 3505 rebus
368 3440 523 3504 inanimis
555 3438 794 3520 impertiuntur.
852 3437 987 3503 Crudele
1022 3438 1108 3501 enim
1139 3441 1274 3503 vocatur
1306 3439 1427 3503 ferrum
1460 3438 1549 3522 Sept.

240 3572 270 3612 v.
286 3549 363 3612 730:
387 3541 558 3630 ὠμόφρων
582 3546 720 3629 σίδαρος
744 3543 796 3628 (cf.
816 3547 836 3624 ἓ
856 3545 890 3625 5,
909 3567 939 3628 p.
956 3543 1024 3628 35).
1049 3582 1087 3590 -
1114 3545 1282 3609 Adiectivo
1307 3541 1424 3631 όίγριος
1446 3552 1548 3610 trans-

239 3654 415 3719 lotionibus
439 3651 562 3716 scilicet
591 3650 762 3715 admodum
791 3651 911 3721 attritis
940 3651 1160 3735 depinguntur
1189 3656 1221 3714 et
1243 3652 1416 3716 vehemens
1438 3656 1549 3717 vento-

239 3785 311 3826 rum
338 3763 478 3844 impetns
508 3754 630 3843 (Prom.
653 3781 683 3823 v.
709 3755 809 3843 1046)
839 3761 872 3822 et
899 3779 987 3822 mare
1016 3759 1197 3842 turbatum,
1229 3781 1292 3841 quo
1321 3759 1437 3823 ut'dei
1464 3760 1548 3823 filios

240 3869 382 3953 Aegypti
404 3866 550 3952 perdant,
574 3865 689 3928 chorus
709 3864 893 3928 Danaidum
916 3868 988 3928 orat
1006 3867 1102 3949 atque
1122 3865 1269 3929 obsecrat
1292 3862 1419 3952 (Suppl.
1433 3888 1461 3930 v.
1477 3865 1548 3952 36),

240 3980 273 4040 et
294 3975 431 4059 vincula,
455 3972 571 4058 quibus
595 3971 807 4035 Prometheus
832 3972 872 4035 ad
896 3994 1007 4036 saxum
1031 3957 1186 4056 religatus
1210 3975 1260 4035 est
1283 3969 1401 4057 (Prom.
1420 3995 1449 4036 v.
1468 3972 1544 4054 1763

240 4083 279 4148 cf.
293 4081 369 4146 ibid.
384 4103 413 4144 v.
428 4080 518 4161 991).
537 4077 735 4141 —Flumen
754 4078 903 4160 rapidum
923 4100 1018 4162 super
1037 4078 1125 4162 ripas
1145 4079 1280 4143 effusum
1299 4078 1404 4142 Prom.
1423 4101 1451 4144 v.
1468 4079 1546 4142 717:

239 4184 399 4274 ύβριστης
422 4181 569 4270 ποταμὸς
593 4179 635 4250 ού
658 4181 879 4268 ψευδώνυμος
901 4188 1046 4270 vocatur,
1075 4207 1211 4268 quocum
1240 4186 1311 4250 loco
1328 4186 1416 4249 ⁴bene
1439 4183 1547 4249 Blem-

239 4295 352 4359 fieldus
375 4293 493 4358 Herod.
516 4291 540 4372 I,
567 4293 629 4356 189
654 4293 863 4376 comparavit,
885 4293 941 4355 ubi
964 4292 1057 4356 haec:
1087 4289 1192 4378 κύρτα
1220 4315 1254 4356 τε
1283 4286 1324 4375 δὴ
1354 4289 1546 4376 ἐχαλέπαινε

239 4403 284 4492 τῷ
299 4400 444 4489 ’ποταμῷ
469 4392 486 4462 ὁ
512 4399 627 4483 Κῦρος
653 4395 760 4486 τούτῳ
789 4393 973 4483 ὑβρίσαντι.
1020 4397 1188 4474 Quodnam
1213 4403 1320 4462 autem
1343 4399 1463 4462 flumen
1485 4398 1554 4461 hoc

240 4510 312 4574 loco
334 4505 589 4590 intellegendum
613 4506 664 4588 sit,
687 4505 750 4569 viri
774 4504 861 4568 docti
879 4504 974 4568 valde
997 4505 1081 4569 inter
1104 4528 1138 4570 se
1158 4505 1362 4571 dissentiunt.
1399 4504 1548 4569 Delectat

238 4617 379 4681 fortasse
412 4613 534 4695 audire,
568 4633 649 4696 quae
681 4610 890 4676 Blomfieldus
924 4612 964 4675 ad
996 4612 1026 4676 h.
1055 4613 1075 4676 l.
1107 4612 1281 4676 adnotavit.
1328 4609 1548 4696 „Dubitatur“,

240 4724 360 4809 inquit,
396 4743 491 4806 „num
523 4721 558 4784 in
590 4719 651 4782 hoc
683 4719 754 4783 loco
788 4717 968 4802 Aeschylus
1002 4720 1141 4783 Araxem
1173 4719 1305 4783 fluvium
1338 4718 1464 4796 innuat,
1506 4739 1548 4780 an

238 4831 372 4911 Istrum,
396 4851 437 4893 an
462 4826 613 4912 Tanaim,
641 4847 683 4889 an
706 4825 864 4908 Alazona,
892 4847 932 4888 an
957 4824 1211 4909 Borysthenem,
1240 4827 1325 4908 qnod
1348 4827 1448 4890 sentit
1471 4821 1548 4888 But-

239 4938 334 5024 lerus,
360 4960 402 5000 an
426 4934 561 5018 denique
585 4933 726 5019 fluvium,
751 4932 801 4997 oui
825 4954 944 4997 nomen
963 4932 1129 5018 Hybrista,
1153 4934 1201 4998 uti
1225 4933 1326 4996 credit
1350 4929 1547 5024 Schuetzius
