<?xml version="1.0" encoding="UTF-8"?>
<!DOCTYPE html PUBLIC "-//W3C//DTD XHTML 1.0 Transitional//EN"
    "http://www.w3.org/TR/xhtml1/DTD/xhtml1-transitional.dtd">
<html xmlns="http://www.w3.org/1999/xhtml" xml:lang="en" lang="en">
 <head>
  <title>
</title>
<meta http-equiv="Content-Type" content="text/html;charset=utf-8" />
  <meta name='ocr-system' content='tesseract 3.04.00' />
  <meta name='ocr-capabilities' content='ocr_page ocr_carea ocr_par ocr_line ocrx_word'/>
</head>
<body>
  <div class='ocr_page' id='page_1' title='image "./deconformationu00rittgoog_0017.png"; bbox 0 0 3610 5542; ppageno 0'>
   <div class='ocr_carea' id='block_1_1' title="bbox 802 348 1014 412">
    <p class='ocr_par' dir='ltr' id='par_1_1' title="bbox 802 348 1014 412">
     <span class='ocr_line' id='line_1_1' title="bbox 802 348 1014 412; baseline 0 -18"><span class='ocrx_word' id='word_1_1' title='bbox 802 348 1014 412; x_wconf 64' lang='lat'>..12-</span> 
     </span>
    </p>
   </div>
   <div class='ocr_carea' id='block_1_2' title="bbox 209 507 1591 3586">
    <p class='ocr_par' dir='ltr' id='par_1_2' title="bbox 209 507 1591 3586">
     <span class='ocr_line' id='line_1_2' title="bbox 252 507 1562 596; baseline 0.002 -24"><span class='ocrx_word' id='word_1_2' title='bbox 252 508 388 593; x_wconf 83' lang='lat' dir='ltr'>ignoret.</span> <span class='ocrx_word' id='word_1_3' title='bbox 409 545 450 554; x_wconf 99' lang='lat'><em>-</em></span> <span class='ocrx_word' id='word_1_4' title='bbox 476 507 653 593; x_wconf 82' lang='lat' dir='ltr'>Agrorum,</span> <span class='ocrx_word' id='word_1_5' title='bbox 677 529 812 593; x_wconf 90' lang='lat' dir='ltr'>quorum</span> <span class='ocrx_word' id='word_1_6' title='bbox 836 507 979 574; x_wconf 77' lang='lat' dir='ltr'>Theseus</span> <span class='ocrx_word' id='word_1_7' title='bbox 998 509 1167 593; x_wconf 88' lang='lat' dir='ltr'>imperium</span> <span class='ocrx_word' id='word_1_8' title='bbox 1188 508 1327 594; x_wconf 90' lang='lat' dir='ltr'>obtinet,</span> <span class='ocrx_word' id='word_1_9' title='bbox 1350 510 1435 575; x_wconf 89' lang='lat' dir='ltr'>oculi</span> <span class='ocrx_word' id='word_1_10' title='bbox 1455 513 1562 596; x_wconf 91' lang='lat' dir='ltr'>appel·</span> 
     </span>
     <span class='ocr_line' id='line_1_3' title="bbox 250 611 1562 702; baseline 0.003 -24"><span class='ocrx_word' id='word_1_11' title='bbox 250 615 360 678; x_wconf 90' lang='lat' dir='ltr'>lantur</span> <span class='ocrx_word' id='word_1_12' title='bbox 382 615 474 698; x_wconf 91' lang='lat' dir='ltr'>pueri</span> <span class='ocrx_word' id='word_1_13' title='bbox 498 615 638 680; x_wconf 88' lang='lat' dir='ltr'>feminae</span> <span class='ocrx_word' id='word_1_14' title='bbox 665 619 834 682; x_wconf 88' lang='lat' dir='ltr'>matronae</span> <span class='ocrx_word' id='word_1_15' title='bbox 858 615 953 680; x_wconf 78' lang='lat' dir='ltr'>llum.</span> <span class='ocrx_word' id='word_1_16' title='bbox 976 639 1005 682; x_wconf 87' lang='lat' dir='ltr'>v.</span> <span class='ocrx_word' id='word_1_17' title='bbox 1031 615 1115 681; x_wconf 84' lang='lat'>1025</span> <span class='ocrx_word' id='word_1_18' title='bbox 1130 637 1213 700; x_wconf 84' lang='lat' dir='ltr'>sqq:</span> <span class='ocrx_word' id='word_1_19' title='bbox 1247 611 1337 700; x_wconf 82' lang='grc' dir='ltr'><strong><em>ὄμμα</em></strong></span> <span class='ocrx_word' id='word_1_20' title='bbox 1365 613 1430 702; x_wconf 80' lang='grc' dir='ltr'>γὰρ</span> <span class='ocrx_word' id='word_1_21' title='bbox 1454 614 1562 701; x_wconf 80' lang='grc' dir='ltr'><em>πάσης</em></span> 
     </span>
     <span class='ocr_line' id='line_1_4' title="bbox 251 713 1561 808; baseline 0.005 -24"><span class='ocrx_word' id='word_1_22' title='bbox 251 715 377 804; x_wconf 77' lang='grc' dir='ltr'><strong><em>χθονὸς</em></strong></span> <span class='ocrx_word' id='word_1_23' title='bbox 400 722 554 808; x_wconf 78' lang='grc' dir='ltr'><em>Θησῇδος</em></span> <span class='ocrx_word' id='word_1_24' title='bbox 581 717 710 800; x_wconf 82' lang='grc' dir='ltr'><strong><em>ἐξίκοιτ’</em></strong></span> <span class='ocrx_word' id='word_1_25' title='bbox 742 713 785 786; x_wconf 82' lang='grc' dir='ltr'>διν</span> <span class='ocrx_word' id='word_1_26' title='bbox 813 716 950 806; x_wconf 82' lang='grc' dir='ltr'><strong><em>εὐκλεὴς</em></strong></span> <span class='ocrx_word' id='word_1_27' title='bbox 976 718 1075 808; x_wconf 80' lang='grc' dir='ltr'><strong><em>λόχος</em></strong></span> <span class='ocrx_word' id='word_1_28' title='bbox 1104 723 1261 807; x_wconf 85' lang='grc' dir='ltr'><strong><em>Παίδοιν,</em></strong></span> <span class='ocrx_word' id='word_1_29' title='bbox 1290 725 1477 808; x_wconf 78' lang='grc' dir='ltr'><strong><em>γυναικῶν,</em></strong></span> <span class='ocrx_word' id='word_1_30' title='bbox 1505 723 1561 790; x_wconf 82' lang='grc' dir='ltr'>καὶ</span> 
     </span>
     <span class='ocr_line' id='line_1_5' title="bbox 252 822 1560 916; baseline 0.004 -25"><span class='ocrx_word' id='word_1_31' title='bbox 252 822 369 905; x_wconf 78' lang='grc' dir='ltr'><em>στόλος</em></span> <span class='ocrx_word' id='word_1_32' title='bbox 391 828 631 914; x_wconf 79' lang='grc' dir='ltr'><strong><em>πρεσβυτίδων.</em></strong></span> <span class='ocrx_word' id='word_1_33' title='bbox 678 827 730 893; x_wconf 86' lang='lat' dir='ltr'>Sic</span> <span class='ocrx_word' id='word_1_34' title='bbox 754 829 900 914; x_wconf 83' lang='lat' dir='ltr'>equidem</span> <span class='ocrx_word' id='word_1_35' title='bbox 925 851 997 894; x_wconf 91' lang='lat' dir='ltr'>cum</span> <span class='ocrx_word' id='word_1_36' title='bbox 1023 829 1225 915; x_wconf 85' lang='lat' dir='ltr'>Hermanno,</span> <span class='ocrx_word' id='word_1_37' title='bbox 1253 853 1349 916; x_wconf 90' lang='lat' dir='ltr'>quem</span> <span class='ocrx_word' id='word_1_38' title='bbox 1373 831 1560 896; x_wconf 89' lang='lat' dir='ltr'>Dindorflus</span> 
     </span>
     <span class='ocr_line' id='line_1_6' title="bbox 252 933 1562 1023; baseline 0.005 -27"><span class='ocrx_word' id='word_1_39' title='bbox 252 933 307 997; x_wconf 90' lang='lat' dir='ltr'>alii</span> <span class='ocrx_word' id='word_1_40' title='bbox 326 939 518 1020; x_wconf 88' lang='lat' dir='ltr'>sequuntur,</span> <span class='ocrx_word' id='word_1_41' title='bbox 541 935 626 1000; x_wconf 91' lang='lat' dir='ltr'>hunc</span> <span class='ocrx_word' id='word_1_42' title='bbox 646 936 753 1001; x_wconf 90' lang='lat' dir='ltr'>locum</span> <span class='ocrx_word' id='word_1_43' title='bbox 773 937 858 1022; x_wconf 79' lang='lat' dir='ltr'>lego,</span> <span class='ocrx_word' id='word_1_44' title='bbox 883 959 987 1022; x_wconf 89' lang='lat' dir='ltr'>neque</span> <span class='ocrx_word' id='word_1_45' title='bbox 1001 937 1114 1002; x_wconf 92' lang='lat' dir='ltr'>Weilii</span> <span class='ocrx_word' id='word_1_46' title='bbox 1133 936 1236 1021; x_wconf 91' lang='lat' dir='ltr'>probo</span> <span class='ocrx_word' id='word_1_47' title='bbox 1256 939 1465 1023; x_wconf 89' lang='lat' dir='ltr'>sententiam,</span> <span class='ocrx_word' id='word_1_48' title='bbox 1489 961 1562 1002; x_wconf 92' lang='lat' dir='ltr'>cum</span> 
     </span>
     <span class='ocr_line' id='line_1_7' title="bbox 253 1039 1561 1128; baseline 0.01 -25"><span class='ocrx_word' id='word_1_49' title='bbox 253 1039 385 1105; x_wconf 87' lang='lat' dir='ltr'>lacunae</span> <span class='ocrx_word' id='word_1_50' title='bbox 415 1042 518 1127; x_wconf 83' lang='lat' dir='ltr'>signis</span> <span class='ocrx_word' id='word_1_51' title='bbox 556 1047 633 1126; x_wconf 92' lang='lat' dir='ltr'>post</span> <span class='ocrx_word' id='word_1_52' title='bbox 667 1063 777 1106; x_wconf 87' lang='lat' dir='ltr'>vocem</span> <span class='ocrx_word' id='word_1_53' title='bbox 810 1039 909 1128; x_wconf 79' lang='grc' dir='ltr'><strong><em>λόχος</em></strong></span> <span class='ocrx_word' id='word_1_54' title='bbox 941 1044 1056 1128; x_wconf 88' lang='lat' dir='ltr'>positis</span> <span class='ocrx_word' id='word_1_55' title='bbox 1090 1047 1214 1110; x_wconf 81' lang='lat' dir='ltr'>statuat</span> <span class='ocrx_word' id='word_1_56' title='bbox 1249 1045 1303 1109; x_wconf 87' lang='lat' dir='ltr'>hic</span> <span class='ocrx_word' id='word_1_57' title='bbox 1335 1067 1401 1111; x_wconf 92' lang='lat' dir='ltr'>non</span> <span class='ocrx_word' id='word_1_58' title='bbox 1434 1046 1561 1116; x_wconf 82' lang='lat' dir='ltr'>civilem</span> 
     </span>
     <span class='ocr_line' id='line_1_8' title="bbox 252 1149 1563 1235; baseline 0.005 -23"><span class='ocrx_word' id='word_1_59' title='bbox 252 1169 404 1232; x_wconf 82' lang='lat' dir='ltr'><strong>pompam</strong></span> <span class='ocrx_word' id='word_1_60' title='bbox 433 1149 683 1235; x_wconf 82' lang='lat' dir='ltr'>intellegendam</span> <span class='ocrx_word' id='word_1_61' title='bbox 714 1169 799 1233; x_wconf 85' lang='lat' dir='ltr'>esse,</span> <span class='ocrx_word' id='word_1_62' title='bbox 828 1149 883 1214; x_wconf 93' lang='lat' dir='ltr'>sed</span> <span class='ocrx_word' id='word_1_63' title='bbox 911 1150 1013 1215; x_wconf 88' lang='lat' dir='ltr'>furias</span> <span class='ocrx_word' id='word_1_64' title='bbox 1043 1151 1093 1215; x_wconf 82' lang='lat' dir='ltr'>vel</span> <span class='ocrx_word' id='word_1_65' title='bbox 1119 1150 1322 1216; x_wconf 81' lang='lat' dir='ltr'>Eumenides.</span> <span class='ocrx_word' id='word_1_66' title='bbox 1367 1151 1449 1218; x_wconf 87' lang='lat' dir='ltr'><strong>Mihi</strong></span> <span class='ocrx_word' id='word_1_67' title='bbox 1477 1154 1563 1218; x_wconf 90' lang='lat' dir='ltr'>enim</span> 
     </span>
     <span class='ocr_line' id='line_1_9' title="bbox 253 1255 1563 1340; baseline 0.004 -22"><span class='ocrx_word' id='word_1_68' title='bbox 253 1276 319 1318; x_wconf 91' lang='lat' dir='ltr'>non</span> <span class='ocrx_word' id='word_1_69' title='bbox 341 1256 503 1340; x_wconf 79' lang='lat' dir='ltr'>persuasit</span> <span class='ocrx_word' id='word_1_70' title='bbox 526 1257 580 1340; x_wconf 85' lang='lat' dir='ltr'>iis,</span> <span class='ocrx_word' id='word_1_71' title='bbox 608 1277 690 1340; x_wconf 88' lang='lat' dir='ltr'>quae</span> <span class='ocrx_word' id='word_1_72' title='bbox 719 1255 760 1320; x_wconf 90' lang='lat' dir='ltr'>ad</span> <span class='ocrx_word' id='word_1_73' title='bbox 787 1256 873 1322; x_wconf 91' lang='lat' dir='ltr'>hunc</span> <span class='ocrx_word' id='word_1_74' title='bbox 902 1258 1008 1322; x_wconf 90' lang='lat' dir='ltr'>locum</span> <span class='ocrx_word' id='word_1_75' title='bbox 1038 1257 1215 1324; x_wconf 86' lang='lat' dir='ltr'>adnotavit.</span> <span class='ocrx_word' id='word_1_76' title='bbox 1247 1295 1283 1305; x_wconf 87' lang='lat'>—</span> <span class='ocrx_word' id='word_1_77' title='bbox 1315 1257 1425 1325; x_wconf 83' lang='lat' dir='ltr'>Oculis</span> <span class='ocrx_word' id='word_1_78' title='bbox 1449 1259 1563 1325; x_wconf 90' lang='lat' dir='ltr'>deinde</span> 
     </span>
     <span class='ocr_line' id='line_1_10' title="bbox 252 1360 1563 1451; baseline 0.002 -25"><span class='ocrx_word' id='word_1_79' title='bbox 252 1362 332 1427; x_wconf 89' lang='lat' dir='ltr'>solis</span> <span class='ocrx_word' id='word_1_80' title='bbox 356 1363 452 1429; x_wconf 89' lang='lat' dir='ltr'>ardor</span> <span class='ocrx_word' id='word_1_81' title='bbox 474 1365 601 1449; x_wconf 87' lang='lat' dir='ltr'>plantas</span> <span class='ocrx_word' id='word_1_82' title='bbox 621 1365 728 1448; x_wconf 85' lang='lat' dir='ltr'>privat</span> <span class='ocrx_word' id='word_1_83' title='bbox 746 1363 840 1429; x_wconf 77' lang='lat' dir='ltr'>Eum.</span> <span class='ocrx_word' id='word_1_84' title='bbox 856 1387 883 1429; x_wconf 88' lang='lat' dir='ltr'>v.</span> <span class='ocrx_word' id='word_1_85' title='bbox 898 1366 978 1430; x_wconf 86' lang='lat'>940:</span> <span class='ocrx_word' id='word_1_86' title='bbox 993 1361 1152 1449; x_wconf 74' lang='grc' dir='ltr'>Ιφλογμὸς</span> <span class='ocrx_word' id='word_1_87' title='bbox 1172 1360 1418 1451; x_wconf 78' lang='grc' dir='ltr'><strong><em>ὀμματοστερὴς</em></strong></span> <span class='ocrx_word' id='word_1_88' title='bbox 1438 1365 1563 1449; x_wconf 76' lang='grc' dir='ltr'><strong><em>φυτῶν.</em></strong></span> 
     </span>
     <span class='ocr_line' id='line_1_11' title="bbox 252 1468 1563 1558; baseline 0 -24"><span class='ocrx_word' id='word_1_89' title='bbox 252 1468 313 1545; x_wconf 79' lang='lat' dir='ltr'>oui</span> <span class='ocrx_word' id='word_1_90' title='bbox 339 1471 425 1536; x_wconf 88' lang='lat' dir='ltr'>vocis</span> <span class='ocrx_word' id='word_1_91' title='bbox 449 1471 533 1536; x_wconf 91' lang='lat' dir='ltr'>oculi</span> <span class='ocrx_word' id='word_1_92' title='bbox 556 1492 634 1536; x_wconf 92' lang='lat' dir='ltr'>usus</span> <span class='ocrx_word' id='word_1_93' title='bbox 658 1475 691 1535; x_wconf 91' lang='lat' dir='ltr'>et</span> <span class='ocrx_word' id='word_1_94' title='bbox 713 1471 746 1534; x_wconf 92' lang='lat' dir='ltr'>in</span> <span class='ocrx_word' id='word_1_95' title='bbox 771 1471 885 1556; x_wconf 79' lang='lat' dir='ltr'>lingua</span> <span class='ocrx_word' id='word_1_96' title='bbox 908 1473 1013 1538; x_wconf 87' lang='lat' dir='ltr'>latina</span> <span class='ocrx_word' id='word_1_97' title='bbox 1036 1469 1148 1558; x_wconf 84' lang='lat' dir='ltr'>(Verg.</span> <span class='ocrx_word' id='word_1_98' title='bbox 1168 1469 1284 1557; x_wconf 84' lang='lat' dir='ltr'>Georg.</span> <span class='ocrx_word' id='word_1_99' title='bbox 1305 1473 1335 1556; x_wconf 86' lang='grc'>2,</span> <span class='ocrx_word' id='word_1_100' title='bbox 1356 1473 1412 1556; x_wconf 78' lang='grc'>73;</span> <span class='ocrx_word' id='word_1_101' title='bbox 1438 1468 1563 1536; x_wconf 84' lang='lat' dir='ltr'>Oolum.</span> 
     </span>
     <span class='ocr_line' id='line_1_12' title="bbox 252 1575 1564 1664; baseline 0 -24"><span class='ocrx_word' id='word_1_102' title='bbox 252 1577 283 1659; x_wconf 82' lang='lat'>4,</span> <span class='ocrx_word' id='word_1_103' title='bbox 306 1575 373 1664; x_wconf 86' lang='grc'>24.)</span> <span class='ocrx_word' id='word_1_104' title='bbox 398 1579 536 1644; x_wconf 89' lang='lat' dir='ltr'>occurrit</span> <span class='ocrx_word' id='word_1_105' title='bbox 555 1581 588 1642; x_wconf 91' lang='lat' dir='ltr'>et</span> <span class='ocrx_word' id='word_1_106' title='bbox 616 1599 635 1642; x_wconf 91' lang='lat' dir='ltr'>a</span> <span class='ocrx_word' id='word_1_107' title='bbox 663 1580 776 1643; x_wconf 91' lang='lat' dir='ltr'>nostra</span> <span class='ocrx_word' id='word_1_108' title='bbox 799 1599 864 1643; x_wconf 90' lang='lat' dir='ltr'>non</span> <span class='ocrx_word' id='word_1_109' title='bbox 888 1579 1012 1644; x_wconf 87' lang='lat' dir='ltr'>alienus</span> <span class='ocrx_word' id='word_1_110' title='bbox 1037 1585 1101 1664; x_wconf 81' lang='lat' dir='ltr'>est3</span> <span class='ocrx_word' id='word_1_111' title='bbox 1131 1579 1207 1644; x_wconf 89' lang='lat' dir='ltr'>vitis</span> <span class='ocrx_word' id='word_1_112' title='bbox 1231 1579 1315 1643; x_wconf 91' lang='lat' dir='ltr'>enim</span> <span class='ocrx_word' id='word_1_113' title='bbox 1344 1599 1504 1664; x_wconf 75' lang='lat' dir='ltr'>gemmae,</span> <span class='ocrx_word' id='word_1_114' title='bbox 1528 1582 1564 1641; x_wconf 88' lang='lat' dir='ltr'>ut</span> 
     </span>
     <span class='ocr_line' id='line_1_13' title="bbox 254 1683 1561 1770; baseline 0 -22"><span class='ocrx_word' id='word_1_115' title='bbox 254 1684 401 1768; x_wconf 86' lang='lat' dir='ltr'>exemplo</span> <span class='ocrx_word' id='word_1_116' title='bbox 424 1686 511 1768; x_wconf 90' lang='lat' dir='ltr'>utar,</span> <span class='ocrx_word' id='word_1_117' title='bbox 534 1683 687 1768; x_wconf 83' lang='lat' dir='ltr'>‚,augeu“</span> <span class='ocrx_word' id='word_1_118' title='bbox 711 1705 871 1750; x_wconf 88' lang='lat' dir='ltr'>vocamus.</span> <span class='ocrx_word' id='word_1_119' title='bbox 911 1683 1023 1770; x_wconf 88' lang='lat' dir='ltr'>Neque</span> <span class='ocrx_word' id='word_1_120' title='bbox 1047 1686 1124 1770; x_wconf 90' lang='lat' dir='ltr'>fuit,</span> <span class='ocrx_word' id='word_1_121' title='bbox 1148 1707 1203 1752; x_wconf 88' lang='lat' dir='ltr'>cur</span> <span class='ocrx_word' id='word_1_122' title='bbox 1222 1686 1360 1750; x_wconf 89' lang='lat' dir='ltr'>Weilins</span> <span class='ocrx_word' id='word_1_123' title='bbox 1385 1686 1419 1748; x_wconf 92' lang='lat' dir='ltr'>in</span> <span class='ocrx_word' id='word_1_124' title='bbox 1441 1683 1561 1749; x_wconf 86' lang='lat' dir='ltr'>tradita</span> 
     </span>
     <span class='ocr_line' id='line_1_14' title="bbox 255 1790 1470 1877; baseline 0.001 -21"><span class='ocrx_word' id='word_1_125' title='bbox 255 1791 415 1877; x_wconf 87' lang='lat' dir='ltr'>scriptura</span> <span class='ocrx_word' id='word_1_126' title='bbox 438 1790 606 1856; x_wconf 82' lang='lat' dir='ltr'>offendens</span> <span class='ocrx_word' id='word_1_127' title='bbox 629 1795 743 1856; x_wconf 87' lang='lat' dir='ltr'>eontra</span> <span class='ocrx_word' id='word_1_128' title='bbox 765 1791 921 1857; x_wconf 91' lang='lat' dir='ltr'>librorum</span> <span class='ocrx_word' id='word_1_129' title='bbox 946 1792 1173 1857; x_wconf 88' lang='lat' dir='ltr'>auctoritatem</span> <span class='ocrx_word' id='word_1_130' title='bbox 1197 1794 1296 1858; x_wconf 86' lang='lat' dir='ltr'>verba</span> <span class='ocrx_word' id='word_1_131' title='bbox 1320 1796 1470 1857; x_wconf 89' lang='lat' dir='ltr'>mutaret.</span> 
     </span>
     <span class='ocr_line' id='line_1_15' title="bbox 342 1896 1564 1985; baseline 0 -23"><span class='ocrx_word' id='word_1_132' title='bbox 342 1897 542 1982; x_wconf 84' lang='lat' dir='ltr'>Perpulchra</span> <span class='ocrx_word' id='word_1_133' title='bbox 564 1899 779 1964; x_wconf 87' lang='lat' dir='ltr'>translatione</span> <span class='ocrx_word' id='word_1_134' title='bbox 802 1898 899 1964; x_wconf 81' lang='lat' dir='ltr'>Troia</span> <span class='ocrx_word' id='word_1_135' title='bbox 927 1899 1109 1965; x_wconf 87' lang='lat' dir='ltr'>celebratur</span> <span class='ocrx_word' id='word_1_136' title='bbox 1131 1901 1246 1985; x_wconf 86' lang='lat' dir='ltr'>fragm.</span> <span class='ocrx_word' id='word_1_137' title='bbox 1269 1900 1347 1964; x_wconf 85' lang='lat'>440:</span> <span class='ocrx_word' id='word_1_138' title='bbox 1380 1900 1471 1963; x_wconf 84' lang='grc' dir='ltr'><strong><em>πᾶσα</em></strong></span> <span class='ocrx_word' id='word_1_139' title='bbox 1499 1896 1564 1982; x_wconf 81' lang='grc' dir='ltr'>γὰρ</span> 
     </span>
     <span class='ocr_line' id='line_1_16' title="bbox 256 2000 1565 2091; baseline 0 -23"><span class='ocrx_word' id='word_1_140' title='bbox 256 2008 359 2091; x_wconf 84' lang='grc' dir='ltr'><strong><em>Τροία</em></strong></span> <span class='ocrx_word' id='word_1_141' title='bbox 393 2003 554 2090; x_wconf 75' lang='grc' dir='ltr'><strong><em>δέδορκεν</em></strong></span> <span class='ocrx_word' id='word_1_142' title='bbox 578 2000 738 2091; x_wconf 84' lang='grc' dir='ltr'><strong><em>Ἕκτορος</em></strong></span> <span class='ocrx_word' id='word_1_143' title='bbox 768 2001 870 2090; x_wconf 83' lang='grc' dir='ltr'><strong><em>τύχης</em></strong></span> <span class='ocrx_word' id='word_1_144' title='bbox 901 2007 980 2071; x_wconf 89' lang='grc' dir='ltr'><strong><em>διαί.</em></strong></span> <span class='ocrx_word' id='word_1_145' title='bbox 1032 2004 1210 2071; x_wconf 72' lang='lat' dir='ltr'>Contentus</span> <span class='ocrx_word' id='word_1_146' title='bbox 1244 2007 1476 2071; x_wconf 85' lang='lat' dir='ltr'>sententiarum</span> <span class='ocrx_word' id='word_1_147' title='bbox 1510 2005 1565 2090; x_wconf 90' lang='lat' dir='ltr'>qui</span> 
     </span>
     <span class='ocr_line' id='line_1_17' title="bbox 254 2111 1565 2197; baseline 0.002 -22"><span class='ocrx_word' id='word_1_148' title='bbox 254 2111 351 2176; x_wconf 88' lang='lat' dir='ltr'>fuerit</span> <span class='ocrx_word' id='word_1_149' title='bbox 374 2134 557 2196; x_wconf 85' lang='lat' dir='ltr'>quanquam</span> <span class='ocrx_word' id='word_1_150' title='bbox 580 2113 676 2197; x_wconf 88' lang='lat' dir='ltr'>plane</span> <span class='ocrx_word' id='word_1_151' title='bbox 700 2113 903 2197; x_wconf 84' lang='lat' dir='ltr'>ignoramus,</span> <span class='ocrx_word' id='word_1_152' title='bbox 926 2116 1037 2177; x_wconf 90' lang='lat' dir='ltr'>tamen</span> <span class='ocrx_word' id='word_1_153' title='bbox 1059 2113 1147 2177; x_wconf 90' lang='lat' dir='ltr'>hisce</span> <span class='ocrx_word' id='word_1_154' title='bbox 1167 2114 1272 2179; x_wconf 88' lang='lat' dir='ltr'>verbis</span> <span class='ocrx_word' id='word_1_155' title='bbox 1295 2114 1435 2178; x_wconf 84' lang='lat' dir='ltr'>fortasse</span> <span class='ocrx_word' id='word_1_156' title='bbox 1459 2113 1565 2178; x_wconf 89' lang='lat' dir='ltr'>dicere</span> 
     </span>
     <span class='ocr_line' id='line_1_18' title="bbox 254 2216 1566 2304; baseline 0 -22"><span class='ocrx_word' id='word_1_157' title='bbox 254 2219 357 2283; x_wconf 87' lang='lat' dir='ltr'>voluit</span> <span class='ocrx_word' id='word_1_158' title='bbox 374 2223 471 2304; x_wconf 90' lang='lat' dir='ltr'>poeta</span> <span class='ocrx_word' id='word_1_159' title='bbox 486 2223 635 2285; x_wconf 84' lang='lat' dir='ltr'>cunctam</span> <span class='ocrx_word' id='word_1_160' title='bbox 651 2219 782 2284; x_wconf 84' lang='lat' dir='ltr'>Troiam</span> <span class='ocrx_word' id='word_1_161' title='bbox 797 2224 891 2284; x_wconf 90' lang='lat' dir='ltr'>tanta</span> <span class='ocrx_word' id='word_1_162' title='bbox 908 2219 1060 2285; x_wconf 82' lang='lat' dir='ltr'>Hectoris</span> <span class='ocrx_word' id='word_1_163' title='bbox 1079 2221 1227 2304; x_wconf 85' lang='lat' dir='ltr'>caritate,</span> <span class='ocrx_word' id='word_1_164' title='bbox 1250 2224 1343 2286; x_wconf 89' lang='lat' dir='ltr'>tanto</span> <span class='ocrx_word' id='word_1_165' title='bbox 1368 2216 1436 2285; x_wconf 87' lang='lat' dir='ltr'>eius</span> <span class='ocrx_word' id='word_1_166' title='bbox 1457 2241 1566 2284; x_wconf 89' lang='lat' dir='ltr'>amore</span> 
     </span>
     <span class='ocr_line' id='line_1_19' title="bbox 255 2326 1566 2412; baseline 0 -22"><span class='ocrx_word' id='word_1_167' title='bbox 255 2330 383 2410; x_wconf 88' lang='lat' dir='ltr'>captam</span> <span class='ocrx_word' id='word_1_168' title='bbox 413 2327 527 2410; x_wconf 82' lang='lat' dir='ltr'>fuisse,</span> <span class='ocrx_word' id='word_1_169' title='bbox 557 2330 593 2391; x_wconf 93' lang='lat' dir='ltr'>ut</span> <span class='ocrx_word' id='word_1_170' title='bbox 616 2326 765 2391; x_wconf 75' lang='lat' dir='ltr'>Hectoris</span> <span class='ocrx_word' id='word_1_171' title='bbox 794 2327 900 2391; x_wconf 89' lang='lat' dir='ltr'>solum</span> <span class='ocrx_word' id='word_1_172' title='bbox 928 2327 1077 2391; x_wconf 86' lang='lat' dir='ltr'>fortunae</span> <span class='ocrx_word' id='word_1_173' title='bbox 1106 2326 1284 2412; x_wconf 90' lang='lat' dir='ltr'>salutisque</span> <span class='ocrx_word' id='word_1_174' title='bbox 1314 2327 1421 2412; x_wconf 87' lang='lat' dir='ltr'>gratia</span> <span class='ocrx_word' id='word_1_175' title='bbox 1448 2326 1566 2392; x_wconf 83' lang='lat' dir='ltr'>fuisset</span> 
     </span>
     <span class='ocr_line' id='line_1_20' title="bbox 252 2431 1566 2519; baseline -0.001 -21"><span class='ocrx_word' id='word_1_176' title='bbox 252 2434 304 2498; x_wconf 80' lang='lat' dir='ltr'>vel</span> <span class='ocrx_word' id='word_1_177' title='bbox 328 2434 469 2498; x_wconf 83' lang='lat' dir='ltr'>vixisset.</span> <span class='ocrx_word' id='word_1_178' title='bbox 507 2433 638 2498; x_wconf 78' lang='lat' dir='ltr'>Etenim</span> <span class='ocrx_word' id='word_1_179' title='bbox 663 2434 740 2517; x_wconf 93' lang='lat' dir='ltr'>quia</span> <span class='ocrx_word' id='word_1_180' title='bbox 762 2434 894 2498; x_wconf 88' lang='lat' dir='ltr'>verbum</span> <span class='ocrx_word' id='word_1_181' title='bbox 919 2431 1100 2518; x_wconf 75' lang='grc' dir='ltr'><strong><em>δέρκεσθαι</em></strong></span> <span class='ocrx_word' id='word_1_182' title='bbox 1120 2434 1248 2517; x_wconf 90' lang='lat' dir='ltr'>saepius</span> <span class='ocrx_word' id='word_1_183' title='bbox 1267 2433 1387 2519; x_wconf 83' lang='lat' dir='ltr'>legitur</span> <span class='ocrx_word' id='word_1_184' title='bbox 1410 2455 1447 2499; x_wconf 90' lang='lat' dir='ltr'>eo</span> <span class='ocrx_word' id='word_1_185' title='bbox 1468 2455 1566 2498; x_wconf 89' lang='lat' dir='ltr'>sensu</span> 
     </span>
     <span class='ocr_line' id='line_1_21' title="bbox 256 2538 1565 2627; baseline -0.001 -23"><span class='ocrx_word' id='word_1_186' title='bbox 256 2539 453 2624; x_wconf 85' lang='lat' dir='ltr'>adhibitum,</span> <span class='ocrx_word' id='word_1_187' title='bbox 476 2543 513 2604; x_wconf 90' lang='lat' dir='ltr'>ut</span> <span class='ocrx_word' id='word_1_188' title='bbox 536 2540 697 2624; x_wconf 83' lang='lat' dir='ltr'>significet</span> <span class='ocrx_word' id='word_1_189' title='bbox 721 2541 799 2604; x_wconf 87' lang='lat' dir='ltr'>solis</span> <span class='ocrx_word' id='word_1_190' title='bbox 823 2541 932 2605; x_wconf 92' lang='lat' dir='ltr'>lumen</span> <span class='ocrx_word' id='word_1_191' title='bbox 956 2541 1100 2623; x_wconf 87' lang='lat' dir='ltr'>aspicere</span> <span class='ocrx_word' id='word_1_192' title='bbox 1124 2541 1143 2605; x_wconf 93' lang='lat' dir='ltr'>i.</span> <span class='ocrx_word' id='word_1_193' title='bbox 1163 2562 1189 2604; x_wconf 90' lang='lat' dir='ltr'>e.</span> <span class='ocrx_word' id='word_1_194' title='bbox 1208 2538 1375 2627; x_wconf 55' lang='lat' dir='ltr'>viverem),</span> <span class='ocrx_word' id='word_1_195' title='bbox 1400 2540 1477 2626; x_wconf 90' lang='lat' dir='ltr'>quid</span> <span class='ocrx_word' id='word_1_196' title='bbox 1495 2543 1565 2604; x_wconf 84' lang='lat' dir='ltr'>ian·</span> 
     </span>
     <span class='ocr_line' id='line_1_22' title="bbox 254 2646 1565 2732; baseline 0 -22"><span class='ocrx_word' id='word_1_197' title='bbox 254 2647 326 2711; x_wconf 92' lang='lat' dir='ltr'>dem</span> <span class='ocrx_word' id='word_1_198' title='bbox 350 2652 413 2732; x_wconf 87' lang='lat' dir='ltr'>est,</span> <span class='ocrx_word' id='word_1_199' title='bbox 436 2668 493 2718; x_wconf 86' lang='lat' dir='ltr'>cur</span> <span class='ocrx_word' id='word_1_200' title='bbox 515 2669 581 2712; x_wconf 91' lang='lat' dir='ltr'>non</span> <span class='ocrx_word' id='word_1_201' title='bbox 600 2647 662 2711; x_wconf 91' lang='lat' dir='ltr'>hoc</span> <span class='ocrx_word' id='word_1_202' title='bbox 687 2646 758 2712; x_wconf 92' lang='lat' dir='ltr'>loco</span> <span class='ocrx_word' id='word_1_203' title='bbox 774 2647 857 2711; x_wconf 90' lang='lat' dir='ltr'>idem</span> <span class='ocrx_word' id='word_1_204' title='bbox 874 2647 1057 2731; x_wconf 84' lang='lat' dir='ltr'>significare</span> <span class='ocrx_word' id='word_1_205' title='bbox 1075 2647 1201 2731; x_wconf 84' lang='lat' dir='ltr'>possit?</span> <span class='ocrx_word' id='word_1_206' title='bbox 1235 2647 1411 2712; x_wconf 81' lang='lat' dir='ltr'>Enimvero</span> <span class='ocrx_word' id='word_1_207' title='bbox 1432 2648 1477 2712; x_wconf 89' lang='lat' dir='ltr'>sic</span> <span class='ocrx_word' id='word_1_208' title='bbox 1501 2651 1565 2711; x_wconf 89' lang='lat' dir='ltr'>tra-</span> 
     </span>
     <span class='ocr_line' id='line_1_23' title="bbox 255 2753 1566 2839; baseline 0 -21"><span class='ocrx_word' id='word_1_209' title='bbox 255 2753 323 2818; x_wconf 90' lang='lat' dir='ltr'>dita</span> <span class='ocrx_word' id='word_1_210' title='bbox 351 2755 449 2819; x_wconf 89' lang='lat' dir='ltr'>verba</span> <span class='ocrx_word' id='word_1_211' title='bbox 478 2758 586 2839; x_wconf 90' lang='lat' dir='ltr'>aptam</span> <span class='ocrx_word' id='word_1_212' title='bbox 614 2755 771 2838; x_wconf 89' lang='lat' dir='ltr'>praebent</span> <span class='ocrx_word' id='word_1_213' title='bbox 799 2755 993 2836; x_wconf 82' lang='lat' dir='ltr'>sententiam</span> <span class='ocrx_word' id='word_1_214' title='bbox 1021 2758 1054 2818; x_wconf 92' lang='lat' dir='ltr'>et</span> <span class='ocrx_word' id='word_1_215' title='bbox 1081 2775 1212 2838; x_wconf 89' lang='lat' dir='ltr'>prorsus</span> <span class='ocrx_word' id='word_1_216' title='bbox 1242 2754 1383 2838; x_wconf 83' lang='lat' dir='ltr'>genuina</span> <span class='ocrx_word' id='word_1_217' title='bbox 1408 2755 1566 2838; x_wconf 86' lang='lat' dir='ltr'>videntur,</span> 
     </span>
     <span class='ocr_line' id='line_1_24' title="bbox 253 2861 1591 2945; baseline -0.001 -21"><span class='ocrx_word' id='word_1_218' title='bbox 253 2883 327 2925; x_wconf 90' lang='lat' dir='ltr'>cum</span> <span class='ocrx_word' id='word_1_219' title='bbox 350 2866 455 2926; x_wconf 88' lang='lat' dir='ltr'>terrae</span> <span class='ocrx_word' id='word_1_220' title='bbox 478 2867 512 2926; x_wconf 88' lang='lat' dir='ltr'>et</span> <span class='ocrx_word' id='word_1_221' title='bbox 540 2862 635 2926; x_wconf 89' lang='lat' dir='ltr'>urbes</span> <span class='ocrx_word' id='word_1_222' title='bbox 663 2867 894 2945; x_wconf 79' lang='lat' dir='ltr'>saepenumero</span> <span class='ocrx_word' id='word_1_223' title='bbox 924 2862 1025 2926; x_wconf 90' lang='lat' dir='ltr'>oculis</span> <span class='ocrx_word' id='word_1_224' title='bbox 1049 2861 1215 2945; x_wconf 85' lang='lat' dir='ltr'>praeditae</span> <span class='ocrx_word' id='word_1_225' title='bbox 1243 2861 1336 2945; x_wconf 87' lang='lat' dir='ltr'>quasi</span> <span class='ocrx_word' id='word_1_226' title='bbox 1363 2862 1454 2925; x_wconf 86' lang='lat' dir='ltr'>vivae</span> <span class='ocrx_word' id='word_1_227' title='bbox 1479 2861 1591 2924; x_wconf 88' lang='lat' dir='ltr'>effin-·</span> 
     </span>
     <span class='ocr_line' id='line_1_25' title="bbox 255 2965 1565 3054; baseline 0 -23"><span class='ocrx_word' id='word_1_228' title='bbox 255 2965 430 3054; x_wconf 70' lang='lat' dir='ltr'>gantur20).</span> <span class='ocrx_word' id='word_1_229' title='bbox 476 2968 564 3044; x_wconf 78' lang='lat' dir='ltr'>Quae</span> <span class='ocrx_word' id='word_1_230' title='bbox 588 2989 660 3032; x_wconf 92' lang='lat' dir='ltr'>cum</span> <span class='ocrx_word' id='word_1_231' title='bbox 685 2969 733 3034; x_wconf 90' lang='lat' dir='ltr'>ita</span> <span class='ocrx_word' id='word_1_232' title='bbox 757 2969 834 3052; x_wconf 88' lang='lat' dir='ltr'>sint,</span> <span class='ocrx_word' id='word_1_233' title='bbox 862 2968 1009 3052; x_wconf 90' lang='lat' dir='ltr'>equidem</span> <span class='ocrx_word' id='word_1_234' title='bbox 1033 2969 1113 3032; x_wconf 88' lang='lat' dir='ltr'>satis</span> <span class='ocrx_word' id='word_1_235' title='bbox 1133 2968 1245 3032; x_wconf 88' lang='lat' dir='ltr'>mirari</span> <span class='ocrx_word' id='word_1_236' title='bbox 1268 2989 1332 3031; x_wconf 90' lang='lat' dir='ltr'>non</span> <span class='ocrx_word' id='word_1_237' title='bbox 1357 2990 1451 3053; x_wconf 89' lang='lat' dir='ltr'>queo,</span> <span class='ocrx_word' id='word_1_238' title='bbox 1480 2967 1565 3052; x_wconf 90' lang='lat' dir='ltr'>quod</span> 
     </span>
     <span class='ocr_line' id='line_1_26' title="bbox 253 3073 1565 3159; baseline 0 -21"><span class='ocrx_word' id='word_1_239' title='bbox 253 3075 400 3138; x_wconf 87' lang='lat' dir='ltr'>nonnulli</span> <span class='ocrx_word' id='word_1_240' title='bbox 427 3075 620 3159; x_wconf 88' lang='lat' dir='ltr'>interpretes</span> <span class='ocrx_word' id='word_1_241' title='bbox 649 3073 808 3159; x_wconf 82' lang='grc' dir='ltr'><strong><em>δέδορκεν</em></strong></span> <span class='ocrx_word' id='word_1_242' title='bbox 836 3075 915 3140; x_wconf 91' lang='lat' dir='ltr'>illud</span> <span class='ocrx_word' id='word_1_243' title='bbox 944 3075 978 3139; x_wconf 92' lang='lat' dir='ltr'>in</span> <span class='ocrx_word' id='word_1_244' title='bbox 1007 3075 1224 3158; x_wconf 90' lang='lat' dir='ltr'>suspicionem</span> <span class='ocrx_word' id='word_1_245' title='bbox 1253 3078 1424 3159; x_wconf 85' lang='lat' dir='ltr'>vocarunt,</span> <span class='ocrx_word' id='word_1_246' title='bbox 1454 3097 1517 3158; x_wconf 91' lang='lat' dir='ltr'>quo</span> <span class='ocrx_word' id='word_1_247' title='bbox 1548 3097 1565 3138; x_wconf 91' lang='lat' dir='ltr'>e</span> 
     </span>
     <span class='ocr_line' id='line_1_27' title="bbox 209 3180 1566 3265; baseline -0.001 -21"><span class='ocrx_word' id='word_1_248' title='bbox 209 3187 211 3192; x_wconf 82' lang='grc'>’</span> <span class='ocrx_word' id='word_1_249' title='bbox 255 3202 389 3246; x_wconf 89' lang='lat' dir='ltr'>numero</span> <span class='ocrx_word' id='word_1_250' title='bbox 414 3181 599 3246; x_wconf 89' lang='lat' dir='ltr'>Dindorfius</span> <span class='ocrx_word' id='word_1_251' title='bbox 627 3181 678 3245; x_wconf 90' lang='lat' dir='ltr'>vel</span> <span class='ocrx_word' id='word_1_252' title='bbox 707 3180 859 3246; x_wconf 79' lang='grc' dir='ltr'><strong><em>δέδοικεν</em></strong></span> <span class='ocrx_word' id='word_1_253' title='bbox 882 3182 933 3245; x_wconf 86' lang='lat' dir='ltr'>vel</span> <span class='ocrx_word' id='word_1_254' title='bbox 960 3203 1033 3246; x_wconf 90' lang='lat' dir='ltr'>cum</span> <span class='ocrx_word' id='word_1_255' title='bbox 1055 3181 1266 3265; x_wconf 88' lang='lat' dir='ltr'>Bernhardyo</span> <span class='ocrx_word' id='word_1_256' title='bbox 1295 3180 1460 3247; x_wconf 85' lang='grc' dir='ltr'><strong><em>δέδουπεν</em></strong></span> <span class='ocrx_word' id='word_1_257' title='bbox 1490 3181 1566 3244; x_wconf 89' lang='lat' dir='ltr'>scri-</span> 
     </span>
     <span class='ocr_line' id='line_1_28' title="bbox 260 3287 1566 3373; baseline 0.001 -21"><span class='ocrx_word' id='word_1_258' title='bbox 260 3289 400 3352; x_wconf 88' lang='lat' dir='ltr'>bendum</span> <span class='ocrx_word' id='word_1_259' title='bbox 424 3289 565 3373; x_wconf 85' lang='lat' dir='ltr'>putavit,</span> <span class='ocrx_word' id='word_1_260' title='bbox 588 3289 779 3373; x_wconf 89' lang='lat' dir='ltr'>praesertim</span> <span class='ocrx_word' id='word_1_261' title='bbox 803 3310 876 3352; x_wconf 92' lang='lat' dir='ltr'>cum</span> <span class='ocrx_word' id='word_1_262' title='bbox 899 3292 1026 3353; x_wconf 87' lang='lat' dir='ltr'>tantum</span> <span class='ocrx_word' id='word_1_263' title='bbox 1051 3288 1148 3371; x_wconf 87' lang='lat' dir='ltr'>absit,</span> <span class='ocrx_word' id='word_1_264' title='bbox 1177 3293 1214 3352; x_wconf 90' lang='lat' dir='ltr'>ut</span> <span class='ocrx_word' id='word_1_265' title='bbox 1236 3289 1275 3354; x_wconf 92' lang='lat' dir='ltr'>de</span> <span class='ocrx_word' id='word_1_266' title='bbox 1299 3289 1360 3354; x_wconf 92' lang='lat' dir='ltr'>hoc</span> <span class='ocrx_word' id='word_1_267' title='bbox 1383 3287 1566 3372; x_wconf 86' lang='lat' dir='ltr'>fragmento</span> 
     </span>
     <span class='ocr_line' id='line_1_29' title="bbox 255 3395 1566 3481; baseline -0.002 -22"><span class='ocrx_word' id='word_1_268' title='bbox 255 3397 334 3460; x_wconf 89' lang='lat' dir='ltr'>certi</span> <span class='ocrx_word' id='word_1_269' title='bbox 358 3395 531 3480; x_wconf 90' lang='lat' dir='ltr'>quidquam</span> <span class='ocrx_word' id='word_1_270' title='bbox 555 3399 698 3461; x_wconf 88' lang='lat' dir='ltr'>statuere</span> <span class='ocrx_word' id='word_1_271' title='bbox 721 3395 898 3479; x_wconf 89' lang='lat' dir='ltr'>possimus,</span> <span class='ocrx_word' id='word_1_272' title='bbox 926 3400 962 3459; x_wconf 91' lang='lat' dir='ltr'>ut</span> <span class='ocrx_word' id='word_1_273' title='bbox 990 3416 1031 3458; x_wconf 92' lang='lat' dir='ltr'>ne</span> <span class='ocrx_word' id='word_1_274' title='bbox 1054 3395 1192 3459; x_wconf 88' lang='lat' dir='ltr'>sciamus</span> <span class='ocrx_word' id='word_1_275' title='bbox 1217 3397 1358 3481; x_wconf 87' lang='lat' dir='ltr'>quidem,</span> <span class='ocrx_word' id='word_1_276' title='bbox 1387 3395 1428 3459; x_wconf 88' lang='lat' dir='ltr'>ad</span> <span class='ocrx_word' id='word_1_277' title='bbox 1445 3413 1566 3478; x_wconf 61' lang='lat' dir='ltr'>:quam-</span> 
     </span>
     <span class='ocr_line' id='line_1_30' title="bbox 257 3500 1570 3586; baseline -0.002 -20"><span class='ocrx_word' id='word_1_278' title='bbox 257 3525 333 3566; x_wconf 90' lang='lat' dir='ltr'>nam</span> <span class='ocrx_word' id='word_1_279' title='bbox 357 3502 502 3566; x_wconf 84' lang='lat' dir='ltr'>fabulam</span> <span class='ocrx_word' id='word_1_280' title='bbox 527 3501 727 3586; x_wconf 90' lang='lat' dir='ltr'>deperditam</span> <span class='ocrx_word' id='word_1_281' title='bbox 751 3503 829 3566; x_wconf 91' lang='lat' dir='ltr'>illud</span> <span class='ocrx_word' id='word_1_282' title='bbox 848 3503 1019 3586; x_wconf 89' lang='lat' dir='ltr'>pertineat.</span> <span class='ocrx_word' id='word_1_283' title='bbox 1035 3539 1076 3548; x_wconf 83' lang='lat'>—</span> <span class='ocrx_word' id='word_1_284' title='bbox 1093 3500 1183 3566; x_wconf 83' lang='lat' dir='ltr'>Sicut</span> <span class='ocrx_word' id='word_1_285' title='bbox 1203 3503 1426 3585; x_wconf 89' lang='lat' dir='ltr'>metaphorae,</span> <span class='ocrx_word' id='word_1_286' title='bbox 1450 3502 1570 3585; x_wconf 84' lang='lat' dir='ltr'>quibus</span> 
     </span>
    </p>
   </div>
   <div class='ocr_carea' id='block_1_3' title="bbox 158 3608 1566 3693">
    <p class='ocr_par' dir='ltr' id='par_1_3' title="bbox 158 3608 1566 3693">
     <span class='ocr_line' id='line_1_31' title="bbox 158 3608 1566 3693; baseline -0.001 -21"><span class='ocrx_word' id='word_1_287' title='bbox 158 3661 168 3672; x_wconf 94' lang='lat'>.</span> <span class='ocrx_word' id='word_1_288' title='bbox 254 3611 372 3693; x_wconf 90' lang='lat' dir='ltr'>poetae</span> <span class='ocrx_word' id='word_1_289' title='bbox 405 3609 538 3674; x_wconf 88' lang='lat' dir='ltr'>urbibus</span> <span class='ocrx_word' id='word_1_290' title='bbox 572 3611 680 3674; x_wconf 90' lang='lat' dir='ltr'>oculos</span> <span class='ocrx_word' id='word_1_291' title='bbox 714 3610 892 3692; x_wconf 86' lang='lat' dir='ltr'>ascribunt,</span> <span class='ocrx_word' id='word_1_292' title='bbox 923 3631 990 3673; x_wconf 90' lang='lat' dir='ltr'>non</span> <span class='ocrx_word' id='word_1_293' title='bbox 1023 3613 1098 3672; x_wconf 90' lang='lat' dir='ltr'>sunt</span> <span class='ocrx_word' id='word_1_294' title='bbox 1127 3609 1315 3692; x_wconf 84' lang='lat' dir='ltr'>inusitatae,</span> <span class='ocrx_word' id='word_1_295' title='bbox 1348 3609 1395 3673; x_wconf 84' lang='lat' dir='ltr'>ila</span> <span class='ocrx_word' id='word_1_296' title='bbox 1428 3608 1566 3692; x_wconf 86' lang='lat' dir='ltr'>singulis</span> 
     </span>
    </p>
   </div>
   <div class='ocr_carea' id='block_1_4' title="bbox 222 3713 1568 4976">
    <p class='ocr_par' dir='ltr' id='par_1_4' title="bbox 222 3713 1568 4976">
     <span class='ocr_line' id='line_1_32' title="bbox 257 3713 1566 3801; baseline -0.001 -21"><span class='ocrx_word' id='word_1_297' title='bbox 257 3738 383 3801; x_wconf 91' lang='lat' dir='ltr'>quoque</span> <span class='ocrx_word' id='word_1_298' title='bbox 407 3717 556 3782; x_wconf 89' lang='lat' dir='ltr'>domibus</span> <span class='ocrx_word' id='word_1_299' title='bbox 580 3721 692 3781; x_wconf 89' lang='lat' dir='ltr'>noster</span> <span class='ocrx_word' id='word_1_300' title='bbox 719 3739 773 3781; x_wconf 90' lang='lat' dir='ltr'>eos</span> <span class='ocrx_word' id='word_1_301' title='bbox 802 3717 956 3800; x_wconf 90' lang='lat' dir='ltr'>impertit.</span> <span class='ocrx_word' id='word_1_302' title='bbox 1002 3715 1160 3799; x_wconf 82' lang='lat' dir='ltr'>Exempla</span> <span class='ocrx_word' id='word_1_303' title='bbox 1184 3720 1260 3780; x_wconf 89' lang='lat' dir='ltr'>sunt</span> <span class='ocrx_word' id='word_1_304' title='bbox 1281 3716 1394 3779; x_wconf 90' lang='lat' dir='ltr'>haece:</span> <span class='ocrx_word' id='word_1_305' title='bbox 1425 3713 1566 3797; x_wconf 81' lang='lat' dir='ltr'>Ohceph.</span> 
     </span>
     <span class='ocr_line' id='line_1_33' title="bbox 256 3816 1566 3906; baseline -0.002 -18"><span class='ocrx_word' id='word_1_306' title='bbox 256 3847 284 3888; x_wconf 87' lang='lat' dir='ltr'>v.</span> <span class='ocrx_word' id='word_1_307' title='bbox 308 3823 374 3888; x_wconf 82' lang='lat'>935</span> <span class='ocrx_word' id='word_1_308' title='bbox 398 3822 528 3887; x_wconf 86' lang='lat' dir='ltr'>Orestes</span> <span class='ocrx_word' id='word_1_309' title='bbox 553 3823 664 3888; x_wconf 85' lang='lat' dir='ltr'>oculus</span> <span class='ocrx_word' id='word_1_310' title='bbox 689 3823 804 3888; x_wconf 76' lang='lat' dir='ltr'>domus</span> <span class='ocrx_word' id='word_1_311' title='bbox 828 3826 980 3889; x_wconf 86' lang='lat' dir='ltr'>vocatur:</span> <span class='ocrx_word' id='word_1_312' title='bbox 1009 3816 1189 3906; x_wconf 76' lang='grc' dir='ltr'><strong><em>ὀφθαλμὸν</em></strong></span> <span class='ocrx_word' id='word_1_313' title='bbox 1218 3828 1320 3886; x_wconf 86' lang='grc' dir='ltr'><strong><em>οίκων</em></strong></span> <span class='ocrx_word' id='word_1_314' title='bbox 1351 3817 1395 3905; x_wconf 82' lang='grc' dir='ltr'>μὴ</span> <span class='ocrx_word' id='word_1_315' title='bbox 1420 3817 1566 3886; x_wconf 77' lang='grc' dir='ltr'><strong><em>πανώλε-</em></strong></span> 
     </span>
     <span class='ocr_line' id='line_1_34' title="bbox 256 3928 1566 4014; baseline -0.002 -21"><span class='ocrx_word' id='word_1_316' title='bbox 256 3936 346 4014; x_wconf 78' lang='grc' dir='ltr'><strong><em>θρον</em></strong></span> <span class='ocrx_word' id='word_1_317' title='bbox 374 3941 496 3995; x_wconf 77' lang='grc' dir='ltr'><strong><em>πεσεῖν.</em></strong></span> <span class='ocrx_word' id='word_1_318' title='bbox 524 3967 567 3976; x_wconf 87' lang='lat'>—-</span> <span class='ocrx_word' id='word_1_319' title='bbox 598 3928 703 3994; x_wconf 80' lang='lat' dir='ltr'>Simili</span> <span class='ocrx_word' id='word_1_320' title='bbox 732 3931 826 3995; x_wconf 91' lang='lat' dir='ltr'>modo</span> <span class='ocrx_word' id='word_1_321' title='bbox 856 3932 902 3994; x_wconf 92' lang='lat' dir='ltr'>eri</span> <span class='ocrx_word' id='word_1_322' title='bbox 928 3930 1113 4014; x_wconf 88' lang='lat' dir='ltr'>praesentia</span> <span class='ocrx_word' id='word_1_323' title='bbox 1145 3929 1260 3993; x_wconf 77' lang='lat' dir='ltr'>domus</span> <span class='ocrx_word' id='word_1_324' title='bbox 1292 3928 1429 4014; x_wconf 84' lang='lat' dir='ltr'>fingitur</span> <span class='ocrx_word' id='word_1_325' title='bbox 1456 3929 1566 3992; x_wconf 87' lang='lat' dir='ltr'>oculus</span> 
     </span>
     <span class='ocr_line' id='line_1_35' title="bbox 258 4021 1568 4121; baseline -0.001 -21"><span class='ocrx_word' id='word_1_326' title='bbox 258 4036 344 4100; x_wconf 90' lang='lat' dir='ltr'>Pers.</span> <span class='ocrx_word' id='word_1_327' title='bbox 369 4061 396 4101; x_wconf 91' lang='lat' dir='ltr'>v.</span> <span class='ocrx_word' id='word_1_328' title='bbox 425 4038 500 4101; x_wconf 81' lang='lat'>169:</span> <span class='ocrx_word' id='word_1_329' title='bbox 525 4032 614 4121; x_wconf 84' lang='grc' dir='ltr'>ὄμμα</span> <span class='ocrx_word' id='word_1_330' title='bbox 637 4033 702 4121; x_wconf 79' lang='grc' dir='ltr'>γὰρ</span> <span class='ocrx_word' id='word_1_331' title='bbox 728 4033 844 4120; x_wconf 85' lang='grc' dir='ltr'><strong><em>δόμων</em></strong></span> <span class='ocrx_word' id='word_1_332' title='bbox 867 4039 991 4121; x_wconf 82' lang='grc' dir='ltr'><strong><em>νομίζω</em></strong></span> <span class='ocrx_word' id='word_1_333' title='bbox 1016 4021 1182 4100; x_wconf 85' lang='grc' dir='ltr'><strong><em>δεσπότου</em></strong></span> <span class='ocrx_word' id='word_1_334' title='bbox 1204 4038 1401 4120; x_wconf 81' lang='grc' dir='ltr'><strong><em>παρουσίαν.</em></strong></span> <span class='ocrx_word' id='word_1_335' title='bbox 1425 4071 1469 4080; x_wconf 94' lang='lat'>-</span> <span class='ocrx_word' id='word_1_336' title='bbox 1494 4035 1568 4099; x_wconf 85' lang='lat' dir='ltr'>Alia</span> 
     </span>
     <span class='ocr_line' id='line_1_36' title="bbox 255 4142 1567 4229; baseline -0.001 -22"><span class='ocrx_word' id='word_1_337' title='bbox 255 4143 441 4208; x_wconf 90' lang='lat' dir='ltr'>huiusmodi</span> <span class='ocrx_word' id='word_1_338' title='bbox 465 4143 678 4208; x_wconf 84' lang='lat' dir='ltr'>conformatio</span> <span class='ocrx_word' id='word_1_339' title='bbox 702 4145 798 4229; x_wconf 87' lang='lat' dir='ltr'>paulo</span> <span class='ocrx_word' id='word_1_340' title='bbox 822 4146 953 4209; x_wconf 91' lang='lat' dir='ltr'>uberius</span> <span class='ocrx_word' id='word_1_341' title='bbox 981 4143 1109 4227; x_wconf 88' lang='lat' dir='ltr'>depicta</span> <span class='ocrx_word' id='word_1_342' title='bbox 1135 4143 1196 4228; x_wconf 80' lang='lat' dir='ltr'>Ag.</span> <span class='ocrx_word' id='word_1_343' title='bbox 1219 4165 1247 4206; x_wconf 87' lang='lat' dir='ltr'>v.</span> <span class='ocrx_word' id='word_1_344' title='bbox 1271 4142 1336 4207; x_wconf 83' lang='lat'>518</span> <span class='ocrx_word' id='word_1_345' title='bbox 1353 4165 1419 4227; x_wconf 91' lang='lat' dir='ltr'>sqq.</span> <span class='ocrx_word' id='word_1_346' title='bbox 1444 4143 1567 4207; x_wconf 87' lang='lat' dir='ltr'>inveni-</span> 
     </span>
     <span class='ocr_line' id='line_1_37' title="bbox 222 4249 1566 4336; baseline 0.002 -27"><span class='ocrx_word' id='word_1_347' title='bbox 222 4304 224 4308; x_wconf 90' lang='lat'>.</span> <span class='ocrx_word' id='word_1_348' title='bbox 255 4255 321 4332; x_wconf 86' lang='lat' dir='ltr'>tur,</span> <span class='ocrx_word' id='word_1_349' title='bbox 342 4252 398 4315; x_wconf 91' lang='lat' dir='ltr'>nbi</span> <span class='ocrx_word' id='word_1_350' title='bbox 416 4272 533 4335; x_wconf 87' lang='lat' dir='ltr'>praeco</span> <span class='ocrx_word' id='word_1_351' title='bbox 555 4252 595 4315; x_wconf 90' lang='lat' dir='ltr'>ab</span> <span class='ocrx_word' id='word_1_352' title='bbox 611 4251 855 4336; x_wconf 85' lang='lat' dir='ltr'>Agamemnone</span> <span class='ocrx_word' id='word_1_353' title='bbox 875 4252 1006 4316; x_wconf 92' lang='lat' dir='ltr'>domum</span> <span class='ocrx_word' id='word_1_354' title='bbox 1021 4250 1218 4334; x_wconf 88' lang='lat' dir='ltr'>praemissus</span> <span class='ocrx_word' id='word_1_355' title='bbox 1237 4249 1346 4333; x_wconf 91' lang='lat' dir='ltr'>prodit</span> <span class='ocrx_word' id='word_1_356' title='bbox 1365 4249 1566 4314; x_wconf 88' lang='lat' dir='ltr'>domicilium</span> 
     </span>
     <span class='ocr_line' id='line_1_38' title="bbox 257 4354 1568 4442; baseline -0.002 -21"><span class='ocrx_word' id='word_1_357' title='bbox 257 4361 377 4421; x_wconf 90' lang='lat' dir='ltr'>tectum</span> <span class='ocrx_word' id='word_1_358' title='bbox 402 4358 493 4422; x_wconf 89' lang='lat' dir='ltr'>sedes</span> <span class='ocrx_word' id='word_1_359' title='bbox 516 4359 685 4442; x_wconf 80' lang='lat' dir='ltr'>invocans,</span> <span class='ocrx_word' id='word_1_360' title='bbox 708 4362 744 4420; x_wconf 91' lang='lat' dir='ltr'>ut</span> <span class='ocrx_word' id='word_1_361' title='bbox 767 4378 875 4442; x_wconf 87' lang='lat' dir='ltr'>regern</span> <span class='ocrx_word' id='word_1_362' title='bbox 894 4362 963 4440; x_wconf 84' lang='lat' dir='ltr'>tam</span> <span class='ocrx_word' id='word_1_363' title='bbox 983 4357 1036 4420; x_wconf 90' lang='lat' dir='ltr'>diu</span> <span class='ocrx_word' id='word_1_364' title='bbox 1057 4356 1224 4419; x_wconf 91' lang='lat' dir='ltr'>absentem</span> <span class='ocrx_word' id='word_1_365' title='bbox 1245 4354 1382 4440; x_wconf 84' lang='lat' dir='ltr'>benigne</span> <span class='ocrx_word' id='word_1_366' title='bbox 1407 4356 1568 4440; x_wconf 87' lang='lat' dir='ltr'>excipiant</span> 
     </span>
     <span class='ocr_line' id='line_1_39' title="bbox 257 4447 1567 4547; baseline -0.001 -19"><span class='ocrx_word' id='word_1_367' title='bbox 257 4465 343 4529; x_wconf 91' lang='lat' dir='ltr'>hunc</span> <span class='ocrx_word' id='word_1_368' title='bbox 371 4465 404 4529; x_wconf 91' lang='lat' dir='ltr'>in</span> <span class='ocrx_word' id='word_1_369' title='bbox 438 4465 583 4528; x_wconf 90' lang='lat' dir='ltr'>modum:</span> <span class='ocrx_word' id='word_1_370' title='bbox 617 4459 657 4528; x_wconf 74' lang='lat' dir='ltr'>lat</span> <span class='ocrx_word' id='word_1_371' title='bbox 680 4463 838 4547; x_wconf 74' lang='grc' dir='ltr'><strong><em>μέλαθρα</em></strong></span> <span class='ocrx_word' id='word_1_372' title='bbox 867 4462 1048 4547; x_wconf 81' lang='grc' dir='ltr'><strong><em>βασιλέων,</em></strong></span> <span class='ocrx_word' id='word_1_373' title='bbox 1083 4447 1178 4545; x_wconf 84' lang='grc' dir='ltr'><strong><em>φίλαι</em></strong></span> <span class='ocrx_word' id='word_1_374' title='bbox 1211 4459 1338 4546; x_wconf 82' lang='grc' dir='ltr'><strong><em>στέγαι,</em></strong></span> <span class='ocrx_word' id='word_1_375' title='bbox 1373 4465 1503 4546; x_wconf 90' lang='grc' dir='ltr'><strong><em>Σεμνοί</em></strong></span> <span class='ocrx_word' id='word_1_376' title='bbox 1532 4485 1567 4526; x_wconf 89' lang='grc' dir='ltr'>τε</span> 
     </span>
     <span class='ocr_line' id='line_1_40' title="bbox 257 4565 1567 4656; baseline -0.001 -21"><span class='ocrx_word' id='word_1_377' title='bbox 257 4573 376 4655; x_wconf 78' lang='grc' dir='ltr'><strong><em>θᾶκοι,</em></strong></span> <span class='ocrx_word' id='word_1_378' title='bbox 401 4570 558 4656; x_wconf 89' lang='grc' dir='ltr'><strong><em>δαίμονές</em></strong></span> <span class='ocrx_word' id='word_1_379' title='bbox 580 4566 608 4636; x_wconf 92' lang='grc' dir='ltr'>τ’</span> <span class='ocrx_word' id='word_1_380' title='bbox 636 4566 803 4654; x_wconf 79' lang='grc' dir='ltr'><strong><em>ἀντήλιοι,</em></strong></span> <span class='ocrx_word' id='word_1_381' title='bbox 829 4575 875 4634; x_wconf 86' lang='grc' dir='ltr'>Εί</span> <span class='ocrx_word' id='word_1_382' title='bbox 899 4591 965 4634; x_wconf 90' lang='grc' dir='ltr'>που</span> <span class='ocrx_word' id='word_1_383' title='bbox 992 4565 1109 4653; x_wconf 82' lang='grc' dir='ltr'><strong><em>πάλαι,</em></strong></span> <span class='ocrx_word' id='word_1_384' title='bbox 1139 4570 1313 4654; x_wconf 75' lang='grc' dir='ltr'><strong><em>φαιδροῖσι</em></strong></span> <span class='ocrx_word' id='word_1_385' title='bbox 1341 4567 1396 4633; x_wconf 80' lang='grc' dir='ltr'>καὶ</span> <span class='ocrx_word' id='word_1_386' title='bbox 1419 4571 1485 4635; x_wconf 84' lang='grc' dir='ltr'>νῦν</span> <span class='ocrx_word' id='word_1_387' title='bbox 1509 4565 1567 4653; x_wconf 81' lang='grc' dir='ltr'>δμ-</span> 
     </span>
     <span class='ocr_line' id='line_1_41' title="bbox 257 4671 1566 4766; baseline -0.002 -24"><span class='ocrx_word' id='word_1_388' title='bbox 257 4677 383 4764; x_wconf 55' lang='grc' dir='ltr'><strong><em>μασιῖῙ)</em></strong></span> <span class='ocrx_word' id='word_1_389' title='bbox 409 4676 562 4756; x_wconf 76' lang='grc' dir='ltr'><strong><em>Δέξασθε</em></strong></span> <span class='ocrx_word' id='word_1_390' title='bbox 589 4674 703 4766; x_wconf 77' lang='grc' dir='ltr'><strong><em>κόσμῳ</em></strong></span> <span class='ocrx_word' id='word_1_391' title='bbox 731 4676 869 4761; x_wconf 84' lang='grc' dir='ltr'><strong><em>βασιλέα</em></strong></span> <span class='ocrx_word' id='word_1_392' title='bbox 896 4677 1007 4764; x_wconf 76' lang='grc' dir='ltr'><strong><em>πολλῷ</em></strong></span> <span class='ocrx_word' id='word_1_393' title='bbox 1032 4671 1151 4762; x_wconf 81' lang='grc' dir='ltr'><strong><em>χρόνῳ.</em></strong></span> <span class='ocrx_word' id='word_1_394' title='bbox 1199 4674 1251 4740; x_wconf 81' lang='lat' dir='ltr'>Sic</span> <span class='ocrx_word' id='word_1_395' title='bbox 1279 4677 1363 4740; x_wconf 90' lang='lat' dir='ltr'>enim</span> <span class='ocrx_word' id='word_1_396' title='bbox 1393 4697 1466 4741; x_wconf 91' lang='lat' dir='ltr'>cum</span> <span class='ocrx_word' id='word_1_397' title='bbox 1490 4676 1566 4740; x_wconf 92' lang='lat' dir='ltr'>Din-</span> 
     </span>
     <span class='ocr_line' id='line_1_42' title="bbox 257 4783 1564 4870; baseline -0.002 -22"><span class='ocrx_word' id='word_1_398' title='bbox 257 4785 360 4851; x_wconf 92' lang='lat' dir='ltr'>dorfio</span> <span class='ocrx_word' id='word_1_399' title='bbox 379 4785 552 4870; x_wconf 84' lang='lat' dir='ltr'>legendum</span> <span class='ocrx_word' id='word_1_400' title='bbox 572 4807 641 4850; x_wconf 89' lang='lat' dir='ltr'>esse</span> <span class='ocrx_word' id='word_1_401' title='bbox 656 4785 783 4849; x_wconf 90' lang='lat' dir='ltr'>videtur</span> <span class='ocrx_word' id='word_1_402' title='bbox 797 4807 900 4869; x_wconf 90' lang='lat' dir='ltr'>neque</span> <span class='ocrx_word' id='word_1_403' title='bbox 916 4807 966 4865; x_wconf 85' lang='lat' dir='ltr'>ea,</span> <span class='ocrx_word' id='word_1_404' title='bbox 992 4806 1073 4868; x_wconf 90' lang='lat' dir='ltr'>quae</span> <span class='ocrx_word' id='word_1_405' title='bbox 1088 4784 1227 4848; x_wconf 87' lang='lat' dir='ltr'>Keckius</span> <span class='ocrx_word' id='word_1_406' title='bbox 1245 4820 1282 4828; x_wconf 95' lang='lat'><strong>—</strong></span> <span class='ocrx_word' id='word_1_407' title='bbox 1300 4804 1395 4867; x_wconf 89' lang='lat' dir='ltr'>quem</span> <span class='ocrx_word' id='word_1_408' title='bbox 1415 4783 1564 4866; x_wconf 82' lang='lat' dir='ltr'>Engerus</span> 
     </span>
     <span class='ocr_line' id='line_1_43' title="bbox 258 4887 1567 4976; baseline -0.006 -15"><span class='ocrx_word' id='word_1_409' title='bbox 258 4897 385 4962; x_wconf 81' lang='lat' dir='ltr'>secutus</span> <span class='ocrx_word' id='word_1_410' title='bbox 410 4896 459 4956; x_wconf 89' lang='lat' dir='ltr'>est</span> <span class='ocrx_word' id='word_1_411' title='bbox 482 4929 525 4938; x_wconf 88' lang='lat'>—-</span> <span class='ocrx_word' id='word_1_412' title='bbox 549 4914 643 4956; x_wconf 87' lang='lat' dir='ltr'>versu</span> <span class='ocrx_word' id='word_1_413' title='bbox 668 4891 733 4958; x_wconf 81' lang='grc'>520</span> <span class='ocrx_word' id='word_1_414' title='bbox 757 4891 862 4957; x_wconf 89' lang='lat' dir='ltr'>deleto</span> <span class='ocrx_word' id='word_1_415' title='bbox 887 4889 1055 4956; x_wconf 90' lang='lat' dir='ltr'>adnotavit</span> <span class='ocrx_word' id='word_1_416' title='bbox 1079 4890 1124 4975; x_wconf 91' lang='lat' dir='ltr'>(p.</span> <span class='ocrx_word' id='word_1_417' title='bbox 1149 4892 1214 4956; x_wconf 85' lang='grc'>294</span> <span class='ocrx_word' id='word_1_418' title='bbox 1230 4887 1305 4976; x_wconf 80' lang='lat' dir='ltr'>sq),</span> <span class='ocrx_word' id='word_1_419' title='bbox 1333 4890 1412 4955; x_wconf 91' lang='lat' dir='ltr'>mihi</span> <span class='ocrx_word' id='word_1_420' title='bbox 1436 4911 1567 4973; x_wconf 89' lang='lat' dir='ltr'>persua-</span> 
     </span>
    </p>
   </div>
   <div class='ocr_carea' id='block_1_5' title="bbox 0 0 1818 5542">
    <p class='ocr_par' dir='ltr' id='par_1_5' title="bbox 0 0 1818 5542">
     <span class='ocr_line' id='line_1_44' title="bbox 0 0 1818 5542; baseline 0 0"><span class='ocrx_word' id='word_1_421' title='bbox 0 0 1818 5542; x_wconf 95' lang='lat' dir='ltr'> </span> 
     </span>
    </p>
   </div>
  </div>
 </body>
</html>
