<?xml version="1.0" encoding="UTF-8"?>
<!DOCTYPE html PUBLIC "-//W3C//DTD XHTML 1.0 Transitional//EN"
    "http://www.w3.org/TR/xhtml1/DTD/xhtml1-transitional.dtd">
<html xmlns="http://www.w3.org/1999/xhtml" xml:lang="en" lang="en">
 <head>
  <title>
</title>
<meta http-equiv="Content-Type" content="text/html;charset=utf-8" />
  <meta name='ocr-system' content='tesseract 3.04.00' />
  <meta name='ocr-capabilities' content='ocr_page ocr_carea ocr_par ocr_line ocrx_word'/>
</head>
<body>
  <div class='ocr_page' id='page_1' title='image "./deconformationu00rittgoog_0047.png"; bbox 0 0 3610 5542; ppageno 0'>
   <div class='ocr_carea' id='block_1_1' title="bbox 831 365 1049 430">
    <p class='ocr_par' dir='ltr' id='par_1_1' title="bbox 831 365 1049 430">
     <span class='ocr_line' id='line_1_1' title="bbox 831 365 1049 430; baseline 0 -18"><span class='ocrx_word' id='word_1_1' title='bbox 831 365 1049 430; x_wconf 66' lang='grc'>..42-</span> 
     </span>
    </p>
   </div>
   <div class='ocr_carea' id='block_1_2' title="bbox 284 517 1593 2850">
    <p class='ocr_par' dir='ltr' id='par_1_2' title="bbox 284 517 1593 2102">
     <span class='ocr_line' id='line_1_2' title="bbox 285 517 1593 612; baseline -0.001 -24"><span class='ocrx_word' id='word_1_2' title='bbox 285 525 362 612; x_wconf 77' lang='grc' dir='ltr'><strong><em>νικᾷ</em></strong></span> <span class='ocrx_word' id='word_1_3' title='bbox 390 517 422 589; x_wconf 86' lang='lat' dir='ltr'><strong>d&#39;</strong></span> <span class='ocrx_word' id='word_1_4' title='bbox 452 518 595 608; x_wconf 78' lang='grc' dir='ltr'><strong><em>άγαθάν</em></strong></span> <span class='ocrx_word' id='word_1_5' title='bbox 614 519 707 610; x_wconf 79' lang='grc' dir='ltr'><strong>Ἔρις</strong></span> <span class='ocrx_word' id='word_1_6' title='bbox 737 519 879 610; x_wconf 79' lang='grc' dir='ltr'><strong><em>ἡμετέρα</em></strong></span> <span class='ocrx_word' id='word_1_7' title='bbox 911 521 968 590; x_wconf 76' lang='grc' dir='ltr'><strong>διὰ</strong></span> <span class='ocrx_word' id='word_1_8' title='bbox 996 521 1129 603; x_wconf 91' lang='grc' dir='ltr'><strong><em>παντός.</em></strong></span> <span class='ocrx_word' id='word_1_9' title='bbox 1152 561 1194 573; x_wconf 93' lang='grc'><strong>-</strong></span> <span class='ocrx_word' id='word_1_10' title='bbox 1223 522 1368 610; x_wconf 81' lang='lat' dir='ltr'><strong>Choeph.</strong></span> <span class='ocrx_word' id='word_1_11' title='bbox 1390 546 1419 588; x_wconf 86' lang='lat' dir='ltr'><strong>v.</strong></span> <span class='ocrx_word' id='word_1_12' title='bbox 1443 523 1515 588; x_wconf 89' lang='grc'>600.</span> <span class='ocrx_word' id='word_1_13' title='bbox 1532 545 1593 607; x_wconf 82' lang='lat' dir='ltr'><strong>sq:</strong></span> 
     </span>
     <span class='ocr_line' id='line_1_3' title="bbox 284 625 1593 721; baseline -0.001 -27"><span class='ocrx_word' id='word_1_14' title='bbox 284 626 497 714; x_wconf 75' lang='grc' dir='ltr'><strong><em>θηλυκρατὴς</em></strong></span> <span class='ocrx_word' id='word_1_15' title='bbox 533 625 701 716; x_wconf 82' lang='grc' dir='ltr'><strong><em>άπίρωτος</em></strong></span> <span class='ocrx_word' id='word_1_16' title='bbox 737 634 820 717; x_wconf 79' lang='grc' dir='ltr'><strong>ἔρως</strong></span> <span class='ocrx_word' id='word_1_17' title='bbox 855 633 1024 721; x_wconf 77' lang='grc' dir='ltr'><strong><em>παρανικᾷ</em></strong></span> <span class='ocrx_word' id='word_1_18' title='bbox 1061 628 1257 699; x_wconf 81' lang='grc' dir='ltr'><strong><em>Κνωόάλων</em></strong></span> <span class='ocrx_word' id='word_1_19' title='bbox 1298 655 1333 696; x_wconf 85' lang='grc' dir='ltr'><strong><em>τε</em></strong></span> <span class='ocrx_word' id='word_1_20' title='bbox 1368 629 1424 695; x_wconf 81' lang='grc' dir='ltr'><strong>καὶ</strong></span> <span class='ocrx_word' id='word_1_21' title='bbox 1460 631 1593 714; x_wconf 81' lang='grc' dir='ltr'><strong><em>βροτῶν</em></strong></span> 
     </span>
     <span class='ocr_line' id='line_1_4' title="bbox 286 733 1593 824; baseline 0 -24"><span class='ocrx_word' id='word_1_22' title='bbox 286 736 397 822; x_wconf 90' lang='lat' dir='ltr'><strong>(Weil.</strong></span> <span class='ocrx_word' id='word_1_23' title='bbox 421 733 598 824; x_wconf 87' lang='grc' dir='ltr'><strong><em>στρόβων).</em></strong></span> <span class='ocrx_word' id='word_1_24' title='bbox 623 773 663 782; x_wconf 92' lang='grc'><strong>-</strong></span> <span class='ocrx_word' id='word_1_25' title='bbox 688 737 781 804; x_wconf 82' lang='lat' dir='ltr'><strong>Eum.</strong></span> <span class='ocrx_word' id='word_1_26' title='bbox 800 761 829 804; x_wconf 82' lang='lat' dir='ltr'><strong>v.</strong></span> <span class='ocrx_word' id='word_1_27' title='bbox 845 740 901 805; x_wconf 92' lang='lat'><strong>88:</strong></span> <span class='ocrx_word' id='word_1_28' title='bbox 925 738 1084 822; x_wconf 83' lang='grc' dir='ltr'><strong><em>μέμνησο,</em></strong></span> <span class='ocrx_word' id='word_1_29' title='bbox 1108 734 1152 822; x_wconf 86' lang='grc' dir='ltr'><strong>μὴ</strong></span> <span class='ocrx_word' id='word_1_30' title='bbox 1177 735 1285 822; x_wconf 82' lang='grc' dir='ltr'><em>φόβος</em></span> <span class='ocrx_word' id='word_1_31' title='bbox 1308 735 1345 804; x_wconf 71' lang='grc' dir='ltr'><strong>σὲ</strong></span> <span class='ocrx_word' id='word_1_32' title='bbox 1367 735 1490 803; x_wconf 81' lang='grc' dir='ltr'><strong><em>νικάτω</em></strong></span> <span class='ocrx_word' id='word_1_33' title='bbox 1515 735 1593 820; x_wconf 81' lang='grc' dir='ltr'><strong><em>φρέ-</em></strong></span> 
     </span>
     <span class='ocr_line' id='line_1_5' title="bbox 285 838 1589 929; baseline 0.001 -22"><span class='ocrx_word' id='word_1_34' title='bbox 285 867 352 921; x_wconf 87' lang='grc' dir='ltr'><strong>νας.</strong></span> <span class='ocrx_word' id='word_1_35' title='bbox 390 841 437 908; x_wconf 82' lang='lat' dir='ltr'><strong>Of.</strong></span> <span class='ocrx_word' id='word_1_36' title='bbox 462 841 605 927; x_wconf 85' lang='lat' dir='ltr'><strong>Ohoeph.</strong></span> <span class='ocrx_word' id='word_1_37' title='bbox 627 865 655 908; x_wconf 82' lang='lat' dir='ltr'><strong>v.</strong></span> <span class='ocrx_word' id='word_1_38' title='bbox 683 845 777 910; x_wconf 79' lang='lat'>1052.</span> <span class='ocrx_word' id='word_1_39' title='bbox 806 882 850 892; x_wconf 90' lang='lat'><em>-</em></span> <span class='ocrx_word' id='word_1_40' title='bbox 876 845 971 911; x_wconf 84' lang='lat' dir='ltr'><strong>Eum.</strong></span> <span class='ocrx_word' id='word_1_41' title='bbox 993 867 1022 910; x_wconf 82' lang='lat' dir='ltr'><strong>v.</strong></span> <span class='ocrx_word' id='word_1_42' title='bbox 1049 845 1124 910; x_wconf 88' lang='lat'>133:</span> <span class='ocrx_word' id='word_1_43' title='bbox 1157 838 1298 927; x_wconf 89' lang='grc' dir='ltr'><strong><em>άνίστω,</em></strong></span> <span class='ocrx_word' id='word_1_44' title='bbox 1326 842 1371 929; x_wconf 81' lang='grc' dir='ltr'><strong>μή</strong></span> <span class='ocrx_word' id='word_1_45' title='bbox 1400 861 1437 909; x_wconf 84' lang='grc' dir='ltr'><strong>σε</strong></span> <span class='ocrx_word' id='word_1_46' title='bbox 1464 840 1589 909; x_wconf 78' lang='grc' dir='ltr'><strong><em>νικάτω</em></strong></span> 
     </span>
     <span class='ocr_line' id='line_1_6' title="bbox 285 946 1592 1039; baseline 0 -25"><span class='ocrx_word' id='word_1_47' title='bbox 285 947 397 1028; x_wconf 88' lang='grc' dir='ltr'><strong>πόνος.</strong></span> <span class='ocrx_word' id='word_1_48' title='bbox 420 987 465 996; x_wconf 94' lang='grc'>-</span> <span class='ocrx_word' id='word_1_49' title='bbox 487 951 549 1035; x_wconf 86' lang='lat' dir='ltr'><strong>Ag.</strong></span> <span class='ocrx_word' id='word_1_50' title='bbox 572 971 600 1014; x_wconf 82' lang='grc'><strong>1.</strong></span> <span class='ocrx_word' id='word_1_51' title='bbox 624 951 690 1016; x_wconf 78' lang='grc'><strong>912</strong></span> <span class='ocrx_word' id='word_1_52' title='bbox 713 973 773 1035; x_wconf 84' lang='lat' dir='ltr'><strong>sq:</strong></span> <span class='ocrx_word' id='word_1_53' title='bbox 805 946 845 1016; x_wconf 83' lang='grc' dir='ltr'><strong><em>τά</em></strong></span> <span class='ocrx_word' id='word_1_54' title='bbox 875 946 906 1015; x_wconf 85' lang='lat' dir='ltr'><strong>d&#39;</strong></span> <span class='ocrx_word' id='word_1_55' title='bbox 932 946 1016 1016; x_wconf 87' lang='grc' dir='ltr'><strong><em>άλλα</em></strong></span> <span class='ocrx_word' id='word_1_56' title='bbox 1044 948 1184 1033; x_wconf 81' lang='grc' dir='ltr'><strong><em>φροντὶς</em></strong></span> <span class='ocrx_word' id='word_1_57' title='bbox 1212 946 1274 1036; x_wconf 79' lang='grc' dir='ltr'><strong>οὐχ</strong></span> <span class='ocrx_word' id='word_1_58' title='bbox 1300 946 1396 1039; x_wconf 80' lang='grc' dir='ltr'><strong><em>ὕπνῳ</em></strong></span> <span class='ocrx_word' id='word_1_59' title='bbox 1424 947 1592 1032; x_wconf 84' lang='grc' dir='ltr'><strong><em>νικωμένη</em></strong></span> 
     </span>
     <span class='ocr_line' id='line_1_7' title="bbox 285 1051 1591 1144; baseline -0.002 -22"><span class='ocrx_word' id='word_1_60' title='bbox 285 1053 387 1141; x_wconf 82' lang='grc' dir='ltr'><strong><em>Θήσει</em></strong></span> <span class='ocrx_word' id='word_1_61' title='bbox 411 1058 547 1134; x_wconf 74' lang='grc' dir='ltr'><strong><em>δικαίως</em></strong></span> <span class='ocrx_word' id='word_1_62' title='bbox 560 1060 636 1122; x_wconf 84' lang='grc' dir='ltr'><strong><em>’κτλ</em></strong></span> <span class='ocrx_word' id='word_1_63' title='bbox 674 1055 722 1122; x_wconf 83' lang='lat' dir='ltr'><strong>of.</strong></span> <span class='ocrx_word' id='word_1_64' title='bbox 746 1057 845 1122; x_wconf 88' lang='lat' dir='ltr'><strong>eiusd.</strong></span> <span class='ocrx_word' id='word_1_65' title='bbox 868 1057 890 1122; x_wconf 87' lang='lat' dir='ltr'><strong>f.</strong></span> <span class='ocrx_word' id='word_1_66' title='bbox 908 1080 936 1126; x_wconf 85' lang='lat' dir='ltr'><strong>v.</strong></span> <span class='ocrx_word' id='word_1_67' title='bbox 956 1059 1029 1124; x_wconf 78' lang='lat'><strong>290.</strong></span> <span class='ocrx_word' id='word_1_68' title='bbox 1057 1093 1093 1104; x_wconf 90' lang='lat'><em>-</em></span> <span class='ocrx_word' id='word_1_69' title='bbox 1119 1057 1213 1122; x_wconf 84' lang='lat' dir='ltr'><strong>Eum.</strong></span> <span class='ocrx_word' id='word_1_70' title='bbox 1237 1059 1365 1124; x_wconf 81' lang='lat' dir='ltr'>v.148:</span> <span class='ocrx_word' id='word_1_71' title='bbox 1393 1051 1489 1144; x_wconf 77' lang='grc' dir='ltr'><strong><em>ὕπνῳ</em></strong></span> <span class='ocrx_word' id='word_1_72' title='bbox 1513 1079 1591 1138; x_wconf 90' lang='grc' dir='ltr'><strong><em>κρα-</em></strong></span> 
     </span>
     <span class='ocr_line' id='line_1_8' title="bbox 284 1158 1593 1248; baseline -0.002 -19"><span class='ocrx_word' id='word_1_73' title='bbox 284 1159 415 1247; x_wconf 85' lang='grc' dir='ltr'><strong><em>τηθείσ’</em></strong></span> <span class='ocrx_word' id='word_1_74' title='bbox 446 1158 554 1248; x_wconf 89' lang='grc' dir='ltr'><strong><em>άγραν</em></strong></span> <span class='ocrx_word' id='word_1_75' title='bbox 582 1158 699 1229; x_wconf 75' lang='grc' dir='ltr'><strong><em>ὤλεσα.</em></strong></span> <span class='ocrx_word' id='word_1_76' title='bbox 740 1161 812 1229; x_wconf 92' lang='lat' dir='ltr'><strong>Vid.</strong></span> <span class='ocrx_word' id='word_1_77' title='bbox 835 1165 911 1229; x_wconf 85' lang='lat' dir='ltr'><strong>ibid.</strong></span> <span class='ocrx_word' id='word_1_78' title='bbox 936 1187 963 1228; x_wconf 90' lang='lat' dir='ltr'><strong>v.</strong></span> <span class='ocrx_word' id='word_1_79' title='bbox 990 1165 1067 1248; x_wconf 76' lang='lat'><strong>1413</strong></span> <span class='ocrx_word' id='word_1_80' title='bbox 1096 1163 1192 1230; x_wconf 89' lang='lat' dir='ltr'><strong>Hom.</strong></span> <span class='ocrx_word' id='word_1_81' title='bbox 1215 1163 1252 1229; x_wconf 94' lang='lat' dir='ltr'><strong>Il.</strong></span> <span class='ocrx_word' id='word_1_82' title='bbox 1276 1165 1328 1248; x_wconf 78' lang='lat'><strong>24,</strong></span> <span class='ocrx_word' id='word_1_83' title='bbox 1352 1164 1384 1229; x_wconf 84' lang='lat'><strong>5:</strong></span> <span class='ocrx_word' id='word_1_84' title='bbox 1418 1159 1593 1246; x_wconf 78' lang='grc' dir='ltr'><strong><em>πανδαμά-</em></strong></span> 
     </span>
     <span class='ocr_line' id='line_1_9' title="bbox 285 1265 1591 1354; baseline -0.002 -19"><span class='ocrx_word' id='word_1_85' title='bbox 285 1294 353 1354; x_wconf 89' lang='grc' dir='ltr'><strong>τωρ</strong></span> <span class='ocrx_word' id='word_1_86' title='bbox 376 1265 490 1347; x_wconf 84' lang='grc' dir='ltr'><strong>όπνος.</strong></span> <span class='ocrx_word' id='word_1_87' title='bbox 516 1307 553 1316; x_wconf 99' lang='grc'>-</span> <span class='ocrx_word' id='word_1_88' title='bbox 584 1269 632 1334; x_wconf 90' lang='lat' dir='ltr'><strong>Ac</strong></span> <span class='ocrx_word' id='word_1_89' title='bbox 660 1269 868 1335; x_wconf 81' lang='lat' dir='ltr'><strong>dominantur</strong></span> <span class='ocrx_word' id='word_1_90' title='bbox 895 1267 1035 1353; x_wconf 81' lang='grc' dir='ltr'><em>βύβλος,</em></span> <span class='ocrx_word' id='word_1_91' title='bbox 1064 1265 1183 1354; x_wconf 81' lang='grc' dir='ltr'><em>λόγχη,</em></span> <span class='ocrx_word' id='word_1_92' title='bbox 1212 1271 1304 1354; x_wconf 75' lang='grc' dir='ltr'><strong><em>δίκη,</em></strong></span> <span class='ocrx_word' id='word_1_93' title='bbox 1333 1267 1456 1353; x_wconf 80' lang='grc' dir='ltr'><em>βλάβα,</em></span> <span class='ocrx_word' id='word_1_94' title='bbox 1480 1265 1591 1352; x_wconf 89' lang='grc' dir='ltr'><em>λόγος,</em></span> 
     </span>
     <span class='ocr_line' id='line_1_10' title="bbox 284 1371 1593 1462; baseline -0.002 -21"><span class='ocrx_word' id='word_1_95' title='bbox 284 1375 378 1461; x_wconf 67' lang='grc' dir='ltr'><strong><em>κέαρῑ</em></strong></span> <span class='ocrx_word' id='word_1_96' title='bbox 403 1375 512 1460; x_wconf 85' lang='lat' dir='ltr'><strong>Suppl.</strong></span> <span class='ocrx_word' id='word_1_97' title='bbox 527 1400 554 1441; x_wconf 90' lang='lat' dir='ltr'><strong>v.</strong></span> <span class='ocrx_word' id='word_1_98' title='bbox 571 1377 647 1441; x_wconf 80' lang='lat'><strong>761:</strong></span> <span class='ocrx_word' id='word_1_99' title='bbox 672 1373 801 1460; x_wconf 88' lang='grc' dir='ltr'><em>βύβλον</em></span> <span class='ocrx_word' id='word_1_100' title='bbox 825 1374 863 1443; x_wconf 75' lang='grc' dir='ltr'><strong>δὲ</strong></span> <span class='ocrx_word' id='word_1_101' title='bbox 884 1371 1010 1461; x_wconf 85' lang='grc' dir='ltr'><strong>καρπός</strong></span> <span class='ocrx_word' id='word_1_102' title='bbox 1033 1371 1074 1442; x_wconf 81' lang='grc' dir='ltr'><strong>οὐ</strong></span> <span class='ocrx_word' id='word_1_103' title='bbox 1093 1387 1208 1462; x_wconf 74' lang='grc' dir='ltr'><strong><em>κρατεῖ</em></strong></span> <span class='ocrx_word' id='word_1_104' title='bbox 1224 1373 1349 1461; x_wconf 80' lang='grc' dir='ltr'><strong><em>στάχυν</em></strong></span> <span class='ocrx_word' id='word_1_105' title='bbox 1373 1378 1393 1440; x_wconf 90' lang='grc'><strong>1.</strong></span> <span class='ocrx_word' id='word_1_106' title='bbox 1408 1399 1434 1440; x_wconf 90' lang='lat' dir='ltr'><strong>e.</strong></span> <span class='ocrx_word' id='word_1_107' title='bbox 1449 1375 1593 1461; x_wconf 79' lang='lat' dir='ltr'><strong>Aegypti</strong></span> 
     </span>
     <span class='ocr_line' id='line_1_11' title="bbox 285 1481 1593 1568; baseline -0.002 -21"><span class='ocrx_word' id='word_1_108' title='bbox 285 1483 344 1547; x_wconf 89' lang='lat' dir='ltr'><strong>filii</strong></span> <span class='ocrx_word' id='word_1_109' title='bbox 367 1485 539 1568; x_wconf 90' lang='lat' dir='ltr'><strong>imperium</strong></span> <span class='ocrx_word' id='word_1_110' title='bbox 561 1503 627 1548; x_wconf 87' lang='lat' dir='ltr'><strong>uon</strong></span> <span class='ocrx_word' id='word_1_111' title='bbox 650 1483 815 1548; x_wconf 80' lang='lat' dir='ltr'><strong>habebunt</strong></span> <span class='ocrx_word' id='word_1_112' title='bbox 835 1485 870 1548; x_wconf 91' lang='lat' dir='ltr'><strong>in</strong></span> <span class='ocrx_word' id='word_1_113' title='bbox 890 1483 996 1548; x_wconf 87' lang='lat' dir='ltr'><strong>Danai</strong></span> <span class='ocrx_word' id='word_1_114' title='bbox 1018 1484 1161 1568; x_wconf 77' lang='lat' dir='ltr'><strong>stirpem.</strong></span> <span class='ocrx_word' id='word_1_115' title='bbox 1203 1483 1292 1560; x_wconf 85' lang='lat' dir='ltr'><strong>Quae</strong></span> <span class='ocrx_word' id='word_1_116' title='bbox 1310 1483 1409 1548; x_wconf 85' lang='lat' dir='ltr'><strong>verba</strong></span> <span class='ocrx_word' id='word_1_117' title='bbox 1428 1481 1593 1565; x_wconf 85' lang='lat' dir='ltr'><strong>proverbii</strong></span> 
     </span>
     <span class='ocr_line' id='line_1_12' title="bbox 285 1583 1591 1676; baseline -0.002 -22"><span class='ocrx_word' id='word_1_118' title='bbox 285 1592 391 1655; x_wconf 90' lang='lat' dir='ltr'><strong>locum</strong></span> <span class='ocrx_word' id='word_1_119' title='bbox 415 1591 562 1656; x_wconf 90' lang='lat' dir='ltr'><strong>obtinere</strong></span> <span class='ocrx_word' id='word_1_120' title='bbox 584 1587 787 1676; x_wconf 80' lang='lat' dir='ltr'><strong>videntur⁸³).</strong></span> <span class='ocrx_word' id='word_1_121' title='bbox 815 1627 851 1637; x_wconf 91' lang='lat'>—</span> <span class='ocrx_word' id='word_1_122' title='bbox 878 1591 966 1656; x_wconf 88' lang='lat' dir='ltr'><strong>Pers.</strong></span> <span class='ocrx_word' id='word_1_123' title='bbox 989 1611 1018 1654; x_wconf 80' lang='lat' dir='ltr'><strong>r.</strong></span> <span class='ocrx_word' id='word_1_124' title='bbox 1045 1591 1106 1655; x_wconf 88' lang='grc'><strong>148</strong></span> <span class='ocrx_word' id='word_1_125' title='bbox 1131 1613 1190 1675; x_wconf 86' lang='lat' dir='ltr'><strong>sq:</strong></span> <span class='ocrx_word' id='word_1_126' title='bbox 1218 1583 1240 1675; x_wconf 79' lang='grc' dir='ltr'><em>ἢ</em></span> <span class='ocrx_word' id='word_1_127' title='bbox 1265 1640 1325 1656; x_wconf 91' lang='grc'><strong>...</strong></span> <span class='ocrx_word' id='word_1_128' title='bbox 1350 1586 1471 1675; x_wconf 81' lang='grc' dir='ltr'><em>λόγχης</em></span> <span class='ocrx_word' id='word_1_129' title='bbox 1495 1585 1591 1672; x_wconf 84' lang='grc' dir='ltr'><strong><em>ἰσχὺς</em></strong></span> 
     </span>
     <span class='ocr_line' id='line_1_13' title="bbox 285 1691 1592 1784; baseline -0.002 -23"><span class='ocrx_word' id='word_1_130' title='bbox 285 1694 484 1782; x_wconf 85' lang='grc' dir='ltr'><strong><em>κεκράτηκεν</em></strong></span> <span class='ocrx_word' id='word_1_131' title='bbox 508 1697 561 1780; x_wconf 90' lang='lat' dir='ltr'><strong>(cf.</strong></span> <span class='ocrx_word' id='word_1_132' title='bbox 585 1700 605 1778; x_wconf 63' lang='grc' dir='ltr'>ξ</span> <span class='ocrx_word' id='word_1_133' title='bbox 630 1699 662 1781; x_wconf 90' lang='grc'><strong>1,</strong></span> <span class='ocrx_word' id='word_1_134' title='bbox 689 1719 719 1780; x_wconf 92' lang='lat' dir='ltr'><strong>p.</strong></span> <span class='ocrx_word' id='word_1_135' title='bbox 742 1698 787 1783; x_wconf 84' lang='lat'><strong>9).</strong></span> <span class='ocrx_word' id='word_1_136' title='bbox 811 1735 855 1744; x_wconf 93' lang='lat'>-</span> <span class='ocrx_word' id='word_1_137' title='bbox 876 1698 972 1784; x_wconf 83' lang='lat' dir='ltr'><strong>Eum.</strong></span> <span class='ocrx_word' id='word_1_138' title='bbox 995 1720 1021 1762; x_wconf 85' lang='lat' dir='ltr'><strong>v.</strong></span> <span class='ocrx_word' id='word_1_139' title='bbox 1041 1698 1104 1761; x_wconf 83' lang='lat'><strong>491</strong></span> <span class='ocrx_word' id='word_1_140' title='bbox 1127 1719 1187 1782; x_wconf 91' lang='lat' dir='ltr'><strong>sq.:</strong></span> <span class='ocrx_word' id='word_1_141' title='bbox 1220 1699 1251 1762; x_wconf 85' lang='grc' dir='ltr'><strong>εί</strong></span> <span class='ocrx_word' id='word_1_142' title='bbox 1274 1691 1430 1780; x_wconf 80' lang='grc' dir='ltr'><strong><em>κρατήσει</em></strong></span> <span class='ocrx_word' id='word_1_143' title='bbox 1458 1696 1535 1759; x_wconf 80' lang='grc' dir='ltr'><strong><em>δίκα</em></strong></span> <span class='ocrx_word' id='word_1_144' title='bbox 1557 1717 1592 1758; x_wconf 87' lang='grc' dir='ltr'><strong><em>τε</em></strong></span> 
     </span>
     <span class='ocr_line' id='line_1_14' title="bbox 287 1800 1592 1889; baseline -0.002 -21"><span class='ocrx_word' id='word_1_145' title='bbox 287 1801 342 1868; x_wconf 83' lang='grc' dir='ltr'><strong>καὶ</strong></span> <span class='ocrx_word' id='word_1_146' title='bbox 365 1800 473 1888; x_wconf 88' lang='grc' dir='ltr'><strong>βλάβα</strong></span> <span class='ocrx_word' id='word_1_147' title='bbox 500 1804 608 1869; x_wconf 80' lang='grc' dir='ltr'><em>Τοῦόε</em></span> <span class='ocrx_word' id='word_1_148' title='bbox 632 1801 868 1889; x_wconf 89' lang='grc' dir='ltr'><strong><em>ματροκτόνου.</em></strong></span> <span class='ocrx_word' id='word_1_149' title='bbox 883 1817 934 1851; x_wconf 86' lang='lat'><strong>’-</strong></span> <span class='ocrx_word' id='word_1_150' title='bbox 958 1803 1045 1868; x_wconf 88' lang='lat' dir='ltr'><strong>Pers.</strong></span> <span class='ocrx_word' id='word_1_151' title='bbox 1068 1825 1097 1867; x_wconf 81' lang='lat' dir='ltr'><strong>v.</strong></span> <span class='ocrx_word' id='word_1_152' title='bbox 1122 1804 1199 1868; x_wconf 79' lang='lat'>738:</span> <span class='ocrx_word' id='word_1_153' title='bbox 1226 1800 1327 1886; x_wconf 90' lang='grc' dir='ltr'><em>λόγος</em></span> <span class='ocrx_word' id='word_1_154' title='bbox 1351 1813 1465 1886; x_wconf 79' lang='grc' dir='ltr'><strong><em>κρατεῖ</em></strong></span> <span class='ocrx_word' id='word_1_155' title='bbox 1487 1818 1592 1886; x_wconf 82' lang='grc' dir='ltr'><strong><em>σαφη-</em></strong></span> 
     </span>
     <span class='ocr_line' id='line_1_15' title="bbox 285 1898 1593 1997; baseline -0.003 -21"><span class='ocrx_word' id='word_1_156' title='bbox 285 1907 355 1995; x_wconf 85' lang='grc' dir='ltr'><strong><em>νη’ς.</em></strong></span> <span class='ocrx_word' id='word_1_157' title='bbox 392 1909 440 1976; x_wconf 80' lang='lat' dir='ltr'><strong>of.</strong></span> <span class='ocrx_word' id='word_1_158' title='bbox 463 1909 573 1995; x_wconf 83' lang='lat' dir='ltr'><strong>Suppl.</strong></span> <span class='ocrx_word' id='word_1_159' title='bbox 597 1933 625 1976; x_wconf 84' lang='lat' dir='ltr'><strong>v.</strong></span> <span class='ocrx_word' id='word_1_160' title='bbox 649 1910 723 1975; x_wconf 80' lang='lat'><strong>294.</strong></span> <span class='ocrx_word' id='word_1_161' title='bbox 747 1947 789 1958; x_wconf 94' lang='lat'><em>—</em></span> <span class='ocrx_word' id='word_1_162' title='bbox 813 1911 876 1997; x_wconf 89' lang='lat' dir='ltr'><strong>Ag.</strong></span> <span class='ocrx_word' id='word_1_163' title='bbox 899 1932 927 1974; x_wconf 84' lang='lat' dir='ltr'><strong>v.</strong></span> <span class='ocrx_word' id='word_1_164' title='bbox 955 1911 995 1974; x_wconf 90' lang='grc'><strong>10</strong></span> <span class='ocrx_word' id='word_1_165' title='bbox 1018 1931 1078 1993; x_wconf 81' lang='lat' dir='ltr'><strong>sq:</strong></span> <span class='ocrx_word' id='word_1_166' title='bbox 1108 1898 1174 1974; x_wconf 77' lang='lat' dir='ltr'><strong>cide</strong></span> <span class='ocrx_word' id='word_1_167' title='bbox 1201 1904 1267 1994; x_wconf 83' lang='grc' dir='ltr'><strong>γάρ</strong></span> <span class='ocrx_word' id='word_1_168' title='bbox 1290 1919 1406 1994; x_wconf 80' lang='grc' dir='ltr'><strong><em>κρατεῖ</em></strong></span> <span class='ocrx_word' id='word_1_169' title='bbox 1427 1903 1593 1984; x_wconf 84' lang='grc' dir='ltr'><strong>Γυναικός</strong></span> 
     </span>
     <span class='ocr_line' id='line_1_16' title="bbox 287 2014 1139 2102; baseline -0.004 -20"><span class='ocrx_word' id='word_1_170' title='bbox 287 2014 521 2102; x_wconf 78' lang='grc' dir='ltr'><strong>ἀνδρόβουλον</strong></span> <span class='ocrx_word' id='word_1_171' title='bbox 545 2015 676 2096; x_wconf 80' lang='grc' dir='ltr'><strong>ἐλπίζον</strong></span> <span class='ocrx_word' id='word_1_172' title='bbox 699 2016 778 2100; x_wconf 83' lang='grc' dir='ltr'><strong><em>κέαρ</em></strong></span> <span class='ocrx_word' id='word_1_173' title='bbox 802 2015 974 2100; x_wconf 76' lang='grc'>(1111111111.</span> <span class='ocrx_word' id='word_1_174' title='bbox 998 2040 1026 2081; x_wconf 88' lang='lat' dir='ltr'><strong>v.</strong></span> <span class='ocrx_word' id='word_1_175' title='bbox 1051 2014 1139 2102; x_wconf 77' lang='lat'><strong>529).</strong></span> 
     </span>
    </p>

    <p class='ocr_par' dir='ltr' id='par_1_3' title="bbox 285 2121 1593 2850">
     <span class='ocr_line' id='line_1_17' title="bbox 374 2121 1588 2208; baseline -0.001 -21"><span class='ocrx_word' id='word_1_176' title='bbox 374 2123 443 2189; x_wconf 86' lang='lat' dir='ltr'><strong>Iam</strong></span> <span class='ocrx_word' id='word_1_177' title='bbox 467 2124 507 2188; x_wconf 90' lang='lat' dir='ltr'><strong>iis</strong></span> <span class='ocrx_word' id='word_1_178' title='bbox 531 2124 666 2208; x_wconf 87' lang='lat' dir='ltr'><strong>prolatis</strong></span> <span class='ocrx_word' id='word_1_179' title='bbox 689 2124 973 2207; x_wconf 88' lang='lat' dir='ltr'><strong>translationibus,</strong></span> <span class='ocrx_word' id='word_1_180' title='bbox 1002 2123 1118 2208; x_wconf 88' lang='lat' dir='ltr'><strong>quibus</strong></span> <span class='ocrx_word' id='word_1_181' title='bbox 1143 2121 1321 2205; x_wconf 85' lang='lat' dir='ltr'><strong>Aeschylus</strong></span> <span class='ocrx_word' id='word_1_182' title='bbox 1349 2121 1507 2187; x_wconf 77' lang='lat' dir='ltr'><strong>concretis</strong></span> <span class='ocrx_word' id='word_1_183' title='bbox 1531 2122 1588 2186; x_wconf 91' lang='lat' dir='ltr'><strong>ab·</strong></span> 
     </span>
     <span class='ocr_line' id='line_1_18' title="bbox 286 2228 1592 2315; baseline -0.002 -20"><span class='ocrx_word' id='word_1_184' title='bbox 286 2233 478 2315; x_wconf 88' lang='lat' dir='ltr'><strong>stractisque</strong></span> <span class='ocrx_word' id='word_1_185' title='bbox 502 2231 672 2314; x_wconf 81' lang='lat' dir='ltr'><strong>praecipue</strong></span> <span class='ocrx_word' id='word_1_186' title='bbox 696 2251 811 2313; x_wconf 88' lang='lat' dir='ltr'><strong>corpus</strong></span> <span class='ocrx_word' id='word_1_187' title='bbox 836 2230 1014 2294; x_wconf 88' lang='lat' dir='ltr'><strong>humanum</strong></span> <span class='ocrx_word' id='word_1_188' title='bbox 1037 2229 1138 2312; x_wconf 89' lang='lat' dir='ltr'><strong>dedit,</strong></span> <span class='ocrx_word' id='word_1_189' title='bbox 1166 2228 1207 2293; x_wconf 90' lang='lat' dir='ltr'><strong>ad</strong></span> <span class='ocrx_word' id='word_1_190' title='bbox 1230 2251 1299 2310; x_wconf 88' lang='lat' dir='ltr'><strong>eas,</strong></span> <span class='ocrx_word' id='word_1_191' title='bbox 1330 2232 1366 2293; x_wconf 92' lang='lat' dir='ltr'><strong>ut</strong></span> <span class='ocrx_word' id='word_1_192' title='bbox 1388 2229 1592 2313; x_wconf 88' lang='lat' dir='ltr'><strong>propositum</strong></span> 
     </span>
     <span class='ocr_line' id='line_1_19' title="bbox 286 2335 1590 2421; baseline 0 -21"><span class='ocrx_word' id='word_1_193' title='bbox 286 2342 344 2420; x_wconf 89' lang='lat' dir='ltr'><strong>est,</strong></span> <span class='ocrx_word' id='word_1_194' title='bbox 367 2337 639 2402; x_wconf 77' lang='lat' dir='ltr'><strong>conformationes</strong></span> <span class='ocrx_word' id='word_1_195' title='bbox 663 2342 879 2421; x_wconf 84' lang='lat' dir='ltr'><strong>transeamus,</strong></span> <span class='ocrx_word' id='word_1_196' title='bbox 908 2359 989 2421; x_wconf 90' lang='lat' dir='ltr'><strong>quae</strong></span> <span class='ocrx_word' id='word_1_197' title='bbox 1017 2359 1069 2400; x_wconf 93' lang='lat' dir='ltr'><strong>res</strong></span> <span class='ocrx_word' id='word_1_198' title='bbox 1093 2337 1159 2400; x_wconf 88' lang='lat' dir='ltr'><strong>vita</strong></span> <span class='ocrx_word' id='word_1_199' title='bbox 1187 2340 1331 2400; x_wconf 82' lang='lat' dir='ltr'><strong>carentes</strong></span> <span class='ocrx_word' id='word_1_200' title='bbox 1361 2336 1455 2420; x_wconf 90' lang='lat' dir='ltr'><strong>quasi</strong></span> <span class='ocrx_word' id='word_1_201' title='bbox 1479 2335 1590 2400; x_wconf 88' lang='lat' dir='ltr'><strong>animo</strong></span> 
     </span>
     <span class='ocr_line' id='line_1_20' title="bbox 285 2442 1590 2525; baseline -0.002 -18"><span class='ocrx_word' id='word_1_202' title='bbox 285 2443 415 2508; x_wconf 90' lang='lat' dir='ltr'><strong>induere</strong></span> <span class='ocrx_word' id='word_1_203' title='bbox 439 2444 595 2509; x_wconf 88' lang='lat' dir='ltr'><strong>videntur.</strong></span> <span class='ocrx_word' id='word_1_204' title='bbox 641 2443 764 2520; x_wconf 78' lang='lat' dir='ltr'><strong>Quibus</strong></span> <span class='ocrx_word' id='word_1_205' title='bbox 792 2445 827 2508; x_wconf 93' lang='lat' dir='ltr'><strong>in</strong></span> <span class='ocrx_word' id='word_1_206' title='bbox 855 2443 1054 2508; x_wconf 84' lang='lat' dir='ltr'><strong>excutiendis</strong></span> <span class='ocrx_word' id='word_1_207' title='bbox 1078 2465 1094 2505; x_wconf 90' lang='lat' dir='ltr'><strong>e</strong></span> <span class='ocrx_word' id='word_1_208' title='bbox 1118 2464 1151 2506; x_wconf 92' lang='lat' dir='ltr'><strong>re</strong></span> <span class='ocrx_word' id='word_1_209' title='bbox 1180 2463 1250 2507; x_wconf 90' lang='lat' dir='ltr'><strong>esse</strong></span> <span class='ocrx_word' id='word_1_210' title='bbox 1278 2443 1358 2506; x_wconf 91' lang='lat' dir='ltr'><strong>mihi</strong></span> <span class='ocrx_word' id='word_1_211' title='bbox 1385 2442 1525 2525; x_wconf 85' lang='lat' dir='ltr'><strong>videtur,</strong></span> <span class='ocrx_word' id='word_1_212' title='bbox 1554 2446 1590 2505; x_wconf 89' lang='lat' dir='ltr'><strong>ut</strong></span> 
     </span>
     <span class='ocr_line' id='line_1_21' title="bbox 286 2549 1591 2634; baseline -0.002 -20"><span class='ocrx_word' id='word_1_213' title='bbox 286 2573 340 2614; x_wconf 90' lang='lat' dir='ltr'><strong>eas</strong></span> <span class='ocrx_word' id='word_1_214' title='bbox 363 2551 539 2634; x_wconf 85' lang='lat' dir='ltr'><strong>imagines,</strong></span> <span class='ocrx_word' id='word_1_215' title='bbox 562 2550 678 2634; x_wconf 92' lang='lat' dir='ltr'><strong>quibus</strong></span> <span class='ocrx_word' id='word_1_216' title='bbox 701 2573 782 2634; x_wconf 91' lang='lat' dir='ltr'><strong>quae</strong></span> <span class='ocrx_word' id='word_1_217' title='bbox 807 2551 924 2614; x_wconf 91' lang='lat' dir='ltr'><strong>mentis</strong></span> <span class='ocrx_word' id='word_1_218' title='bbox 948 2553 1023 2613; x_wconf 89' lang='lat' dir='ltr'><strong>sunt</strong></span> <span class='ocrx_word' id='word_1_219' title='bbox 1046 2551 1202 2614; x_wconf 84' lang='lat' dir='ltr'><strong>translate</strong></span> <span class='ocrx_word' id='word_1_220' title='bbox 1225 2553 1404 2634; x_wconf 89' lang='lat' dir='ltr'><strong>ponuntur,</strong></span> <span class='ocrx_word' id='word_1_221' title='bbox 1427 2549 1591 2633; x_wconf 89' lang='lat' dir='ltr'><strong>disiunga-</strong></span> 
     </span>
     <span class='ocr_line' id='line_1_22' title="bbox 286 2655 1593 2741; baseline -0.002 -21"><span class='ocrx_word' id='word_1_222' title='bbox 286 2679 357 2721; x_wconf 91' lang='lat' dir='ltr'><strong>mus</strong></span> <span class='ocrx_word' id='word_1_223' title='bbox 389 2658 430 2722; x_wconf 88' lang='lat' dir='ltr'><strong>ab</strong></span> <span class='ocrx_word' id='word_1_224' title='bbox 462 2658 517 2740; x_wconf 86' lang='lat' dir='ltr'><strong>iis,</strong></span> <span class='ocrx_word' id='word_1_225' title='bbox 549 2679 631 2741; x_wconf 89' lang='lat' dir='ltr'><strong>quae</strong></span> <span class='ocrx_word' id='word_1_226' title='bbox 664 2657 763 2722; x_wconf 89' lang='lat' dir='ltr'><strong>animi</strong></span> <span class='ocrx_word' id='word_1_227' title='bbox 796 2657 956 2722; x_wconf 90' lang='lat' dir='ltr'><strong>motiones</strong></span> <span class='ocrx_word' id='word_1_228' title='bbox 990 2655 1240 2740; x_wconf 88' lang='lat' dir='ltr'><strong>affectionesque</strong></span> <span class='ocrx_word' id='word_1_229' title='bbox 1273 2655 1493 2739; x_wconf 89' lang='lat' dir='ltr'><strong>metaphorice</strong></span> <span class='ocrx_word' id='word_1_230' title='bbox 1522 2677 1593 2738; x_wconf 90' lang='lat' dir='ltr'><strong>per-</strong></span> 
     </span>
     <span class='ocr_line' id='line_1_23' title="bbox 285 2763 783 2850; baseline 0.006 -23"><span class='ocrx_word' id='word_1_231' title='bbox 285 2763 408 2828; x_wconf 88' lang='lat' dir='ltr'><strong>hibent.</strong></span> <span class='ocrx_word' id='word_1_232' title='bbox 453 2763 660 2828; x_wconf 89' lang='lat' dir='ltr'><strong>Disseramus</strong></span> <span class='ocrx_word' id='word_1_233' title='bbox 684 2764 783 2850; x_wconf 87' lang='lat' dir='ltr'><strong>igitur</strong></span> 
     </span>
    </p>
   </div>
   <div class='ocr_carea' id='block_1_3' title="bbox 332 2963 1551 3556">
    <p class='ocr_par' dir='ltr' id='par_1_4' title="bbox 332 2963 1551 3556">
     <span class='ocr_line' id='line_1_24' title="bbox 837 2963 1044 3056; baseline -0.005 -19"><span class='ocrx_word' id='word_1_234' title='bbox 837 2964 976 3056; x_wconf 80' lang='lat' dir='ltr'><strong>Caput</strong></span> <span class='ocrx_word' id='word_1_235' title='bbox 1003 2963 1044 3036; x_wconf 91' lang='lat' dir='ltr'><strong>D.</strong></span> 
     </span>
     <span class='ocr_line' id='line_1_25' title="bbox 340 3122 1538 3216; baseline -0.002 -21"><span class='ocrx_word' id='word_1_236' title='bbox 340 3123 394 3196; x_wconf 91' lang='lat' dir='ltr'><strong>De</strong></span> <span class='ocrx_word' id='word_1_237' title='bbox 421 3125 731 3198; x_wconf 80' lang='lat' dir='ltr'><strong>translationibus</strong></span> <span class='ocrx_word' id='word_1_238' title='bbox 759 3149 779 3198; x_wconf 92' lang='lat' dir='ltr'><strong>e</strong></span> <span class='ocrx_word' id='word_1_239' title='bbox 807 3131 933 3197; x_wconf 90' lang='lat' dir='ltr'><strong>mente</strong></span> <span class='ocrx_word' id='word_1_240' title='bbox 961 3124 1160 3216; x_wconf 89' lang='lat' dir='ltr'><strong>animoque</strong></span> <span class='ocrx_word' id='word_1_241' title='bbox 1188 3125 1353 3195; x_wconf 88' lang='lat' dir='ltr'><strong>humano</strong></span> <span class='ocrx_word' id='word_1_242' title='bbox 1382 3122 1538 3196; x_wconf 78' lang='lat' dir='ltr'><strong>haustis,</strong></span> 
     </span>
     <span class='ocr_line' id='line_1_26' title="bbox 904 3316 1113 3404; baseline 0.038 -8"><span class='ocrx_word' id='word_1_243' title='bbox 904 3316 977 3396; x_wconf 77' lang='grc'><strong>11.</strong></span> <span class='ocrx_word' id='word_1_244' title='bbox 1109 3397 1113 3404; x_wconf 87' lang='grc'><em>,</em></span> 
     </span>
     <span class='ocr_line' id='line_1_27' title="bbox 332 3438 1551 3556; baseline -0.005 -46"><span class='ocrx_word' id='word_1_245' title='bbox 332 3445 378 3510; x_wconf 81' lang='lat' dir='ltr'><strong>lle</strong></span> <span class='ocrx_word' id='word_1_246' title='bbox 403 3442 716 3512; x_wconf 85' lang='lat' dir='ltr'><strong>conformationibus</strong></span> <span class='ocrx_word' id='word_1_247' title='bbox 740 3462 758 3508; x_wconf 85' lang='lat' dir='ltr'><strong>e</strong></span> <span class='ocrx_word' id='word_1_248' title='bbox 781 3441 900 3508; x_wconf 90' lang='lat' dir='ltr'><strong>mentis</strong></span> <span class='ocrx_word' id='word_1_249' title='bbox 924 3439 1139 3507; x_wconf 84' lang='lat' dir='ltr'><strong>facultatibus</strong></span> <span class='ocrx_word' id='word_1_250' title='bbox 1164 3438 1413 3556; x_wconf 75' lang='lat' dir='ltr'><strong>actionibusque</strong></span> <span class='ocrx_word' id='word_1_251' title='bbox 1437 3439 1551 3526; x_wconf 85' lang='lat' dir='ltr'><strong>captis.</strong></span> 
     </span>
    </p>
   </div>
   <div class='ocr_carea' id='block_1_4' title="bbox 286 3599 1592 3898">
    <p class='ocr_par' dir='ltr' id='par_1_5' title="bbox 286 3599 1592 3898">
     <span class='ocr_line' id='line_1_28' title="bbox 375 3599 1572 3688; baseline -0.003 -22"><span class='ocrx_word' id='word_1_252' title='bbox 375 3602 597 3688; x_wconf 88' lang='lat' dir='ltr'><strong>Incipiendum</strong></span> <span class='ocrx_word' id='word_1_253' title='bbox 626 3605 753 3669; x_wconf 88' lang='lat' dir='ltr'><strong>videtur</strong></span> <span class='ocrx_word' id='word_1_254' title='bbox 781 3604 821 3667; x_wconf 88' lang='lat' dir='ltr'><strong>ab</strong></span> <span class='ocrx_word' id='word_1_255' title='bbox 849 3603 889 3666; x_wconf 90' lang='lat' dir='ltr'><strong>iis</strong></span> <span class='ocrx_word' id='word_1_256' title='bbox 917 3601 1128 3686; x_wconf 88' lang='lat' dir='ltr'><strong>imaginibus,</strong></span> <span class='ocrx_word' id='word_1_257' title='bbox 1162 3600 1279 3684; x_wconf 91' lang='lat' dir='ltr'><strong>quibus</strong></span> <span class='ocrx_word' id='word_1_258' title='bbox 1307 3601 1449 3683; x_wconf 82' lang='lat' dir='ltr'><strong>passive,</strong></span> <span class='ocrx_word' id='word_1_259' title='bbox 1482 3603 1518 3664; x_wconf 89' lang='lat' dir='ltr'><strong>ut</strong></span> <span class='ocrx_word' id='word_1_260' title='bbox 1545 3599 1572 3662; x_wconf 90' lang='lat' dir='ltr'><strong>it</strong></span> 
     </span>
     <span class='ocr_line' id='line_1_29' title="bbox 287 3705 1592 3792; baseline -0.003 -20"><span class='ocrx_word' id='word_1_261' title='bbox 287 3709 404 3792; x_wconf 90' lang='lat' dir='ltr'><strong>dicam,</strong></span> <span class='ocrx_word' id='word_1_262' title='bbox 433 3710 473 3773; x_wconf 91' lang='lat' dir='ltr'><strong>ad</strong></span> <span class='ocrx_word' id='word_1_263' title='bbox 502 3731 552 3774; x_wconf 91' lang='lat' dir='ltr'><strong>res</strong></span> <span class='ocrx_word' id='word_1_264' title='bbox 580 3710 740 3773; x_wconf 82' lang='lat' dir='ltr'><strong>inanimae</strong></span> <span class='ocrx_word' id='word_1_265' title='bbox 769 3731 859 3773; x_wconf 90' lang='lat' dir='ltr'><strong>mens</strong></span> <span class='ocrx_word' id='word_1_266' title='bbox 887 3708 1089 3772; x_wconf 84' lang='lat' dir='ltr'><strong>transfertur.</strong></span> <span class='ocrx_word' id='word_1_267' title='bbox 1135 3705 1230 3770; x_wconf 90' lang='lat' dir='ltr'><strong>Haud</strong></span> <span class='ocrx_word' id='word_1_268' title='bbox 1259 3729 1332 3771; x_wconf 92' lang='lat' dir='ltr'><strong>raro</strong></span> <span class='ocrx_word' id='word_1_269' title='bbox 1362 3707 1447 3770; x_wconf 89' lang='lat' dir='ltr'><strong>enim</strong></span> <span class='ocrx_word' id='word_1_270' title='bbox 1475 3709 1592 3789; x_wconf 90' lang='lat' dir='ltr'><strong>poetae</strong></span> 
     </span>
     <span class='ocr_line' id='line_1_30' title="bbox 286 3812 1592 3898; baseline -0.003 -20"><span class='ocrx_word' id='word_1_271' title='bbox 286 3815 434 3879; x_wconf 89' lang='lat' dir='ltr'><strong>homines</strong></span> <span class='ocrx_word' id='word_1_272' title='bbox 457 3819 640 3879; x_wconf 91' lang='lat' dir='ltr'><strong>commotos</strong></span> <span class='ocrx_word' id='word_1_273' title='bbox 669 3816 938 3898; x_wconf 88' lang='lat' dir='ltr'><strong>perturbatusque</strong></span> <span class='ocrx_word' id='word_1_274' title='bbox 968 3814 1016 3877; x_wconf 93' lang='lat' dir='ltr'><strong>ita</strong></span> <span class='ocrx_word' id='word_1_275' title='bbox 1039 3812 1208 3896; x_wconf 89' lang='lat' dir='ltr'><strong>inducunt,</strong></span> <span class='ocrx_word' id='word_1_276' title='bbox 1239 3818 1276 3878; x_wconf 93' lang='lat' dir='ltr'><strong>ut</strong></span> <span class='ocrx_word' id='word_1_277' title='bbox 1304 3814 1402 3878; x_wconf 90' lang='lat' dir='ltr'><strong>etiam</strong></span> <span class='ocrx_word' id='word_1_278' title='bbox 1429 3835 1480 3895; x_wconf 90' lang='lat' dir='ltr'><strong>ea,</strong></span> <span class='ocrx_word' id='word_1_279' title='bbox 1511 3833 1592 3895; x_wconf 83' lang='lat' dir='ltr'><strong>quae</strong></span> 
     </span>
    </p>
   </div>
   <div class='ocr_carea' id='block_1_5' title="bbox 243 3919 1653 4005">
    <p class='ocr_par' dir='ltr' id='par_1_6' title="bbox 243 3919 1653 4005">
     <span class='ocr_line' id='line_1_31' title="bbox 243 3919 1653 4005; baseline -0.002 -20"><span class='ocrx_word' id='word_1_280' title='bbox 243 3955 246 3968; x_wconf 88' lang='lat'><strong>·</strong></span> <span class='ocrx_word' id='word_1_281' title='bbox 287 3923 354 3986; x_wconf 91' lang='lat' dir='ltr'><strong>vita</strong></span> <span class='ocrx_word' id='word_1_282' title='bbox 378 3927 496 4004; x_wconf 86' lang='lat' dir='ltr'><strong>carent,</strong></span> <span class='ocrx_word' id='word_1_283' title='bbox 520 3921 685 4005; x_wconf 90' lang='lat' dir='ltr'><strong>appellent</strong></span> <span class='ocrx_word' id='word_1_284' title='bbox 708 3923 758 3986; x_wconf 88' lang='lat' dir='ltr'><strong>vel</strong></span> <span class='ocrx_word' id='word_1_285' title='bbox 782 3923 957 4004; x_wconf 87' lang='lat' dir='ltr'><strong>implorent</strong></span> <span class='ocrx_word' id='word_1_286' title='bbox 979 3920 1071 4004; x_wconf 87' lang='lat' dir='ltr'><strong>quasi</strong></span> <span class='ocrx_word' id='word_1_287' title='bbox 1095 3919 1163 3984; x_wconf 79' lang='lat' dir='ltr'><strong>vit‘a&#39;</strong></span> <span class='ocrx_word' id='word_1_288' title='bbox 1187 3920 1308 4002; x_wconf 88' lang='lat' dir='ltr'><strong>induta,</strong></span> <span class='ocrx_word' id='word_1_289' title='bbox 1332 3922 1429 4002; x_wconf 89' lang='lat' dir='ltr'><strong>atque</strong></span> <span class='ocrx_word' id='word_1_290' title='bbox 1453 3920 1499 3984; x_wconf 87' lang='lat' dir='ltr'><strong>ita</strong></span> <span class='ocrx_word' id='word_1_291' title='bbox 1523 3919 1591 4004; x_wconf 89' lang='lat' dir='ltr'><strong>qui·</strong></span> <span class='ocrx_word' id='word_1_292' title='bbox 1639 3969 1653 3994; x_wconf 74' lang='grc'><em>,</em></span> 
     </span>
    </p>
   </div>
   <div class='ocr_carea' id='block_1_6' title="bbox 287 4026 1594 4963">
    <p class='ocr_par' dir='ltr' id='par_1_7' title="bbox 287 4026 1594 4963">
     <span class='ocr_line' id='line_1_32' title="bbox 288 4026 1591 4117; baseline -0.001 -26"><span class='ocrx_word' id='word_1_293' title='bbox 288 4028 368 4110; x_wconf 86' lang='lat' dir='ltr'><strong>dem,</strong></span> <span class='ocrx_word' id='word_1_294' title='bbox 392 4032 428 4117; x_wconf 73' lang='lat' dir='ltr'><strong>ut</strong></span> <span class='ocrx_word' id='word_1_295' title='bbox 450 4029 508 4092; x_wconf 88' lang='lat' dir='ltr'><strong>illa</strong></span> <span class='ocrx_word' id='word_1_296' title='bbox 532 4031 688 4111; x_wconf 90' lang='lat' dir='ltr'><strong>tanquam</strong></span> <span class='ocrx_word' id='word_1_297' title='bbox 712 4050 805 4092; x_wconf 88' lang='lat' dir='ltr'><strong>aures</strong></span> <span class='ocrx_word' id='word_1_298' title='bbox 829 4029 868 4092; x_wconf 88' lang='lat' dir='ltr'><strong>iis</strong></span> <span class='ocrx_word' id='word_1_299' title='bbox 893 4029 968 4091; x_wconf 90' lang='lat' dir='ltr'><strong>darc</strong></span> <span class='ocrx_word' id='word_1_300' title='bbox 993 4027 1200 4110; x_wconf 89' lang='lat' dir='ltr'><strong>animumque</strong></span> <span class='ocrx_word' id='word_1_301' title='bbox 1226 4026 1390 4090; x_wconf 89' lang='lat' dir='ltr'><strong>attendere</strong></span> <span class='ocrx_word' id='word_1_302' title='bbox 1413 4027 1591 4091; x_wconf 87' lang='lat' dir='ltr'><strong>videantur.</strong></span> 
     </span>
     <span class='ocr_line' id='line_1_33' title="bbox 288 4132 1593 4218; baseline -0.004 -19"><span class='ocrx_word' id='word_1_303' title='bbox 288 4134 339 4200; x_wconf 85' lang='lat' dir='ltr'><strong>Sic</strong></span> <span class='ocrx_word' id='word_1_304' title='bbox 361 4135 463 4199; x_wconf 89' lang='lat' dir='ltr'><strong>Danai</strong></span> <span class='ocrx_word' id='word_1_305' title='bbox 486 4135 572 4198; x_wconf 89' lang='lat' dir='ltr'><strong>filiae</strong></span> <span class='ocrx_word' id='word_1_306' title='bbox 596 4135 696 4198; x_wconf 90' lang='lat' dir='ltr'><strong>solem</strong></span> <span class='ocrx_word' id='word_1_307' title='bbox 720 4136 868 4218; x_wconf 90' lang='lat' dir='ltr'><strong>precibus</strong></span> <span class='ocrx_word' id='word_1_308' title='bbox 893 4136 1055 4216; x_wconf 85' lang='lat' dir='ltr'><strong>invocant,</strong></span> <span class='ocrx_word' id='word_1_309' title='bbox 1079 4137 1115 4196; x_wconf 90' lang='lat' dir='ltr'><strong>ut</strong></span> <span class='ocrx_word' id='word_1_310' title='bbox 1139 4133 1257 4196; x_wconf 86' lang='lat' dir='ltr'><strong>auxilio</strong></span> <span class='ocrx_word' id='word_1_311' title='bbox 1279 4154 1311 4195; x_wconf 92' lang='lat' dir='ltr'><strong>se</strong></span> <span class='ocrx_word' id='word_1_312' title='bbox 1332 4132 1461 4196; x_wconf 85' lang='lat' dir='ltr'><strong>adiuvet</strong></span> <span class='ocrx_word' id='word_1_313' title='bbox 1480 4135 1593 4197; x_wconf 89' lang='lat' dir='ltr'><strong>contra</strong></span> 
     </span>
     <span class='ocr_line' id='line_1_34' title="bbox 287 4233 1593 4326; baseline -0.002 -21"><span class='ocrx_word' id='word_1_314' title='bbox 287 4243 430 4326; x_wconf 84' lang='lat' dir='ltr'><strong>Aegypti</strong></span> <span class='ocrx_word' id='word_1_315' title='bbox 452 4241 537 4305; x_wconf 90' lang='lat' dir='ltr'><strong>filios</strong></span> <span class='ocrx_word' id='word_1_316' title='bbox 562 4239 671 4324; x_wconf 85' lang='lat' dir='ltr'><strong>Suppl.</strong></span> <span class='ocrx_word' id='word_1_317' title='bbox 695 4265 722 4306; x_wconf 92' lang='lat' dir='ltr'><strong>v.</strong></span> <span class='ocrx_word' id='word_1_318' title='bbox 746 4243 824 4306; x_wconf 81' lang='lat'><strong>213:</strong></span> <span class='ocrx_word' id='word_1_319' title='bbox 853 4241 1020 4322; x_wconf 79' lang='grc' dir='ltr'><strong>καλοῦμεν</strong></span> <span class='ocrx_word' id='word_1_320' title='bbox 1050 4234 1156 4322; x_wconf 84' lang='grc' dir='ltr'><em>αὐγὰς</em></span> <span class='ocrx_word' id='word_1_321' title='bbox 1184 4233 1281 4322; x_wconf 80' lang='grc' dir='ltr'><strong><em>ἡλίου</em></strong></span> <span class='ocrx_word' id='word_1_322' title='bbox 1305 4241 1499 4324; x_wconf 88' lang='grc' dir='ltr'><strong><em>σωτηρίους.</em></strong></span> <span class='ocrx_word' id='word_1_323' title='bbox 1545 4237 1593 4304; x_wconf 82' lang='lat' dir='ltr'><strong>Cf.</strong></span> 
     </span>
     <span class='ocr_line' id='line_1_35' title="bbox 288 4345 1592 4431; baseline -0.003 -19"><span class='ocrx_word' id='word_1_324' title='bbox 288 4349 349 4431; x_wconf 86' lang='lat' dir='ltr'><strong>Ag.</strong></span> <span class='ocrx_word' id='word_1_325' title='bbox 373 4371 401 4413; x_wconf 90' lang='lat' dir='ltr'><strong>v.</strong></span> <span class='ocrx_word' id='word_1_326' title='bbox 428 4348 512 4413; x_wconf 80' lang='grc'>1323</span> <span class='ocrx_word' id='word_1_327' title='bbox 537 4369 604 4431; x_wconf 90' lang='lat' dir='ltr'><strong>sqq.</strong></span> <span class='ocrx_word' id='word_1_328' title='bbox 631 4385 668 4394; x_wconf 92' lang='lat'>—</span> <span class='ocrx_word' id='word_1_329' title='bbox 700 4347 805 4413; x_wconf 80' lang='lat' dir='ltr'><strong>Simili</strong></span> <span class='ocrx_word' id='word_1_330' title='bbox 834 4347 943 4412; x_wconf 85' lang='lat' dir='ltr'><strong>modo·</strong></span> <span class='ocrx_word' id='word_1_331' title='bbox 959 4346 1089 4410; x_wconf 88' lang='lat' dir='ltr'><strong>Orestes</strong></span> <span class='ocrx_word' id='word_1_332' title='bbox 1118 4369 1137 4409; x_wconf 90' lang='lat' dir='ltr'><strong>a</strong></span> <span class='ocrx_word' id='word_1_333' title='bbox 1166 4350 1254 4410; x_wconf 89' lang='lat' dir='ltr'><strong>terra</strong></span> <span class='ocrx_word' id='word_1_334' title='bbox 1281 4345 1375 4428; x_wconf 90' lang='lat' dir='ltr'><strong>petit,</strong></span> <span class='ocrx_word' id='word_1_335' title='bbox 1403 4348 1440 4408; x_wconf 89' lang='lat' dir='ltr'><strong>ut</strong></span> <span class='ocrx_word' id='word_1_336' title='bbox 1466 4348 1592 4428; x_wconf 87' lang='lat' dir='ltr'><strong>patrem</strong></span> 
     </span>
     <span class='ocr_line' id='line_1_36' title="bbox 287 4441 1594 4540; baseline -0.003 -20"><span class='ocrx_word' id='word_1_337' title='bbox 287 4457 350 4520; x_wconf 92' lang='lat' dir='ltr'><strong>sibi</strong></span> <span class='ocrx_word' id='word_1_338' title='bbox 365 4456 479 4519; x_wconf 89' lang='lat' dir='ltr'><strong>reddat</strong></span> <span class='ocrx_word' id='word_1_339' title='bbox 495 4441 637 4540; x_wconf 70' lang='lat' dir='ltr'><strong>Choeph.</strong></span> <span class='ocrx_word' id='word_1_340' title='bbox 652 4478 679 4519; x_wconf 88' lang='lat' dir='ltr'><strong>v.</strong></span> <span class='ocrx_word' id='word_1_341' title='bbox 695 4456 773 4519; x_wconf 81' lang='lat'>489:</span> <span class='ocrx_word' id='word_1_342' title='bbox 797 4445 823 4518; x_wconf 79' lang='grc'><strong>11</strong></span> <span class='ocrx_word' id='word_1_343' title='bbox 842 4447 928 4537; x_wconf 79' lang='grc' dir='ltr'><em>γαῖ’,</em></span> <span class='ocrx_word' id='word_1_344' title='bbox 948 4447 1024 4528; x_wconf 84' lang='grc' dir='ltr'><strong>άνες</strong></span> <span class='ocrx_word' id='word_1_345' title='bbox 1043 4475 1100 4534; x_wconf 92' lang='grc' dir='ltr'><strong>μοι</strong></span> <span class='ocrx_word' id='word_1_346' title='bbox 1114 4449 1237 4536; x_wconf 82' lang='grc' dir='ltr'><strong><em>πατέρα</em></strong></span> <span class='ocrx_word' id='word_1_347' title='bbox 1257 4450 1453 4515; x_wconf 79' lang='grc' dir='ltr'><strong><em>ἐποπτεῦσαι</em></strong></span> <span class='ocrx_word' id='word_1_348' title='bbox 1474 4447 1594 4534; x_wconf 83' lang='grc' dir='ltr'><strong><em>μάχην.</em></strong></span> 
     </span>
     <span class='ocr_line' id='line_1_37' title="bbox 288 4559 1593 4646; baseline -0.005 -19"><span class='ocrx_word' id='word_1_349' title='bbox 288 4561 546 4646; x_wconf 63' lang='grc'>01154011.</span> <span class='ocrx_word' id='word_1_350' title='bbox 578 4597 615 4607; x_wconf 91' lang='lat'>-</span> <span class='ocrx_word' id='word_1_351' title='bbox 652 4562 863 4626; x_wconf 89' lang='lat' dir='ltr'><strong>Prometheus</strong></span> <span class='ocrx_word' id='word_1_352' title='bbox 897 4561 1023 4625; x_wconf 87' lang='lat' dir='ltr'><strong>vinctus</strong></span> <span class='ocrx_word' id='word_1_353' title='bbox 1061 4559 1162 4624; x_wconf 86' lang='lat' dir='ltr'><strong>solem</strong></span> <span class='ocrx_word' id='word_1_354' title='bbox 1200 4562 1334 4642; x_wconf 87' lang='lat' dir='ltr'><strong>terram,</strong></span> <span class='ocrx_word' id='word_1_355' title='bbox 1372 4561 1485 4622; x_wconf 88' lang='lat' dir='ltr'><strong>ventos</strong></span> <span class='ocrx_word' id='word_1_356' title='bbox 1519 4562 1593 4620; x_wconf 74' lang='lat' dir='ltr'><strong>aera</strong></span> 
     </span>
     <span class='ocr_line' id='line_1_38' title="bbox 289 4663 1592 4752; baseline -0.003 -20"><span class='ocrx_word' id='word_1_357' title='bbox 289 4691 375 4732; x_wconf 89' lang='lat' dir='ltr'><strong>mare</strong></span> <span class='ocrx_word' id='word_1_358' title='bbox 399 4667 533 4732; x_wconf 87' lang='lat' dir='ltr'><strong>flumina</strong></span> <span class='ocrx_word' id='word_1_359' title='bbox 557 4672 660 4752; x_wconf 89' lang='lat' dir='ltr'><strong>vocat,</strong></span> <span class='ocrx_word' id='word_1_360' title='bbox 682 4673 719 4733; x_wconf 91' lang='lat' dir='ltr'><strong>ut</strong></span> <span class='ocrx_word' id='word_1_361' title='bbox 743 4669 880 4752; x_wconf 89' lang='lat' dir='ltr'><strong>videant,</strong></span> <span class='ocrx_word' id='word_1_362' title='bbox 904 4670 1026 4751; x_wconf 86' lang='lat' dir='ltr'><strong>quanta</strong></span> <span class='ocrx_word' id='word_1_363' title='bbox 1050 4667 1112 4730; x_wconf 89' lang='lat' dir='ltr'><strong>sibi</strong></span> <span class='ocrx_word' id='word_1_364' title='bbox 1136 4666 1222 4730; x_wconf 88' lang='lat' dir='ltr'><strong>mala</strong></span> <span class='ocrx_word' id='word_1_365' title='bbox 1246 4666 1311 4729; x_wconf 87' lang='lat' dir='ltr'><strong>sint</strong></span> <span class='ocrx_word' id='word_1_366' title='bbox 1334 4664 1466 4727; x_wconf 86' lang='lat' dir='ltr'><strong>ferenda</strong></span> <span class='ocrx_word' id='word_1_367' title='bbox 1487 4663 1592 4728; x_wconf 90' lang='lat' dir='ltr'><strong>Prom.</strong></span> 
     </span>
     <span class='ocr_line' id='line_1_39' title="bbox 289 4770 1593 4861; baseline -0.002 -23"><span class='ocrx_word' id='word_1_368' title='bbox 289 4799 316 4839; x_wconf 90' lang='lat' dir='ltr'><strong>v.</strong></span> <span class='ocrx_word' id='word_1_369' title='bbox 340 4776 382 4841; x_wconf 88' lang='lat'><strong>88</strong></span> <span class='ocrx_word' id='word_1_370' title='bbox 407 4798 475 4859; x_wconf 93' lang='lat' dir='ltr'><strong>sqq.</strong></span> <span class='ocrx_word' id='word_1_371' title='bbox 501 4775 553 4856; x_wconf 89' lang='lat' dir='ltr'><strong>(cf.</strong></span> <span class='ocrx_word' id='word_1_372' title='bbox 576 4779 597 4857; x_wconf 66' lang='grc' dir='ltr'><strong><em>ξ</em></strong></span> <span class='ocrx_word' id='word_1_373' title='bbox 624 4778 654 4860; x_wconf 91' lang='grc'><strong>1,</strong></span> <span class='ocrx_word' id='word_1_374' title='bbox 683 4798 712 4859; x_wconf 90' lang='lat' dir='ltr'><strong>p.</strong></span> <span class='ocrx_word' id='word_1_375' title='bbox 741 4771 806 4861; x_wconf 87' lang='lat'><strong>11).</strong></span> <span class='ocrx_word' id='word_1_376' title='bbox 832 4811 867 4820; x_wconf 93' lang='lat'>—</span> <span class='ocrx_word' id='word_1_377' title='bbox 905 4774 1036 4836; x_wconf 87' lang='lat' dir='ltr'><strong>Praeter</strong></span> <span class='ocrx_word' id='word_1_378' title='bbox 1069 4773 1146 4836; x_wconf 91' lang='lat' dir='ltr'><strong>deos</strong></span> <span class='ocrx_word' id='word_1_379' title='bbox 1180 4772 1318 4855; x_wconf 89' lang='lat' dir='ltr'><strong>patriam</strong></span> <span class='ocrx_word' id='word_1_380' title='bbox 1351 4774 1471 4834; x_wconf 89' lang='lat' dir='ltr'><strong>terram</strong></span> <span class='ocrx_word' id='word_1_381' title='bbox 1506 4770 1593 4854; x_wconf 88' lang='lat' dir='ltr'><strong>Aga·</strong></span> 
     </span>
     <span class='ocr_line' id='line_1_40' title="bbox 288 4877 1592 4963; baseline -0.006 -15"><span class='ocrx_word' id='word_1_382' title='bbox 288 4883 468 4948; x_wconf 88' lang='lat' dir='ltr'><strong>memnonis</strong></span> <span class='ocrx_word' id='word_1_383' title='bbox 492 4883 622 4948; x_wconf 91' lang='lat' dir='ltr'><strong>domum</strong></span> <span class='ocrx_word' id='word_1_384' title='bbox 647 4883 712 4947; x_wconf 91' lang='lat' dir='ltr'><strong>alia</strong></span> <span class='ocrx_word' id='word_1_385' title='bbox 737 4883 858 4946; x_wconf 89' lang='lat' dir='ltr'><strong>salutat</strong></span> <span class='ocrx_word' id='word_1_386' title='bbox 880 4901 996 4963; x_wconf 91' lang='lat' dir='ltr'><strong>praeco</strong></span> <span class='ocrx_word' id='word_1_387' title='bbox 1021 4879 1117 4944; x_wconf 85' lang='lat' dir='ltr'><strong>Troia</strong></span> <span class='ocrx_word' id='word_1_388' title='bbox 1141 4901 1287 4943; x_wconf 86' lang='lat' dir='ltr'><strong>reversus</strong></span> <span class='ocrx_word' id='word_1_389' title='bbox 1312 4877 1373 4961; x_wconf 91' lang='lat' dir='ltr'><strong>Ag.</strong></span> <span class='ocrx_word' id='word_1_390' title='bbox 1392 4900 1420 4941; x_wconf 91' lang='lat' dir='ltr'><strong>v.</strong></span> <span class='ocrx_word' id='word_1_391' title='bbox 1440 4878 1505 4944; x_wconf 85' lang='lat'><strong>503</strong></span> <span class='ocrx_word' id='word_1_392' title='bbox 1525 4899 1592 4961; x_wconf 89' lang='lat' dir='ltr'><strong>sqq.</strong></span> 
     </span>
    </p>
   </div>
   <div class='ocr_carea' id='block_1_7' title="bbox 0 0 1813 5542">
    <p class='ocr_par' dir='ltr' id='par_1_8' title="bbox 0 0 1813 5542">
     <span class='ocr_line' id='line_1_41' title="bbox 0 0 1813 5542; baseline 0 0"><span class='ocrx_word' id='word_1_393' title='bbox 0 0 1813 5542; x_wconf 95' lang='lat' dir='ltr'><strong> </strong></span> 
     </span>
    </p>
   </div>
  </div>
 </body>
</html>
