3610 5542
817 311 1037 377 „40-

271 470 311 534 ad
342 465 554 557 abstracta⁷⁸)
588 469 791 538 transfertur.
843 471 1004 538 Iustitiam
1033 474 1117 537 enim
1146 495 1272 557 semper
1302 474 1427 539 homini
1461 475 1581 557 adesse,

271 575 337 640 sive
365 576 406 640 ab
435 576 502 640 eius
531 576 630 641 latere
658 578 787 643 incedat
813 579 880 644 sive
908 603 928 642 a
955 583 1047 664 tergo
1076 603 1149 645 eum
1177 585 1345 666 sequatur,
1371 581 1486 665 fragm.
1515 581 1581 646 284

270 682 459 766 exprimitur
485 683 588 748 hisce:
626 678 707 770 ὁρᾷς
735 684 833 768 δίκην
864 681 1016 750 ἄναυδον
1049 681 1110 771 οὐχ
1139 681 1315 774 ὁρωμένην
1344 682 1493 753 Εῧδοντι
1524 685 1581 752 καλ

269 792 433 873 στείχοντε
456 787 511 854 καλ
534 789 728 878 καθημένῳ·
758 785 854 875 Ἑξῆς
883 786 914 856 δ’
941 787 1061 876 όπηδεί
1089 789 1245 876 δόχμιον,
1278 789 1399 859 ἄλλοθ’
1430 789 1581 879 ὕστερον.

270 896 318 964 Of.
348 897 410 983 Ag.
440 919 468 962 v.
493 899 569 962 854:
606 902 682 981 νίκη
711 893 743 964 δ’
775 899 906 983 ἐπείπερ
935 893 1054 980 ἕσπετ’,
1091 898 1239 982 ἐμπέδως
1264 899 1370 983 με’νοι.
1401 939 1439 948 -
1470 900 1581 985 Suppl.

269 1028 298 1069 v.
318 1005 397 1070 523:
429 999 537 1070 πειθοδ
562 1001 593 1070 δ’
620 1003 732 1071 ἕποιτο
755 1003 811 1070 καλ
829 1003 912 1091 τύχη
936 1007 1143 1091 πρακτήριος.
1160 1042 1206 1052 -
1225 1005 1297 1071 Huc
1320 1008 1459 1076 fortasse
1484 1008 1581 1072 ctiam

272 1113 411 1197 pertinet
434 1110 521 1197 Sept.
545 1135 573 1176 v.
591 1112 690 1197 1022,
717 1112 772 1177 ubi
795 1112 959 1197 Polynicis
983 1113 1119 1177 cadaver
1146 1113 1342 1196 insepultum
1371 1115 1440 1178 fore
1464 1136 1580 1198 praeco

272 1220 461 1303 pronuntiat
490 1218 552 1283 hae
585 1199 803 1284 audacissima⁸
832 1220 987 1304 imagine:
1018 1216 1073 1283 καὶ
1107 1211 1190 1302 μήδ’
1222 1216 1379 1303 ὁμαρτεῖν
1411 1216 1582 1304 τυμβοχόα

271 1321 469 1411 χειρώματα,
494 1326 514 1390 i.
531 1347 567 1408 ο,
588 1329 625 1388 ut
644 1325 684 1390 ad
703 1326 839 1390 verbum
858 1327 1067 1391 transferam:
1091 1326 1214 1410 „nullas
1234 1327 1350 1392 tumuli
1374 1328 1579 1412 aggestiones
1703 1371 1711 1386 .

272 1432 420 1498 manibus
449 1433 553 1496 factas
581 1453 654 1495 eum
683 1454 751 1496 esse
780 1432 974 1498 secuturas“.
1021 1433 1154 1497 Minime
1183 1432 1269 1496 enim
1298 1432 1335 1496 de
1363 1433 1520 1498 libatione
1547 1433 1583 1498 in

275 1539 436 1604 tumulum
461 1537 666 1623 effundenda,
693 1540 725 1604 id
750 1541 836 1624 quod
859 1538 1002 1605 Stanleio
1029 1544 1160 1604 auctore
1185 1537 1372 1604 Schuetaius
1397 1539 1581 1606 Passowius

273 1646 392 1730 Papius
412 1644 488 1730 (vid.
508 1646 568 1710 lex.
592 1668 616 1708 a.
637 1668 665 1709 v.
688 1642 848 1731 χείρωμα)
872 1647 928 1710 alii
952 1647 1134 1730 voluerunt,
1159 1647 1366 1731 cogitandum
1390 1669 1474 1730 esse,
1498 1647 1579 1712 mihi

273 1753 401 1837 quidem
425 1751 634 1816 Blomfieldus
658 1749 855 1837 probavitll)
880 1751 968 1836 (edit.
991 1775 1021 1836 p.
1044 1754 1106 1817 166
1122 1753 1192 1838 sq.).

361 1858 430 1922 Iam
454 1880 551 1942 porro
570 1858 777 1923 adnectamus
797 1859 1077 1944 conformationes,
1100 1881 1181 1946 quae
1201 1883 1252 1926 res
1271 1862 1433 1926 inanimes
1457 1863 1509 1925 vel
1533 1883 1582 1924 sa

274 1967 389 2030 tientes
418 1966 468 2030 vel
497 1965 651 2030 saltantes
675 1965 856 2031 exhibent·
883 1967 1039 2031 Transilit
1062 1967 1194 2031 flamma
1222 1990 1353 2052 campos
1382 1971 1581 2052 montesque,

275 2077 312 2138 ut
335 2071 464 2137 Troiam
489 2094 558 2136 esse
582 2075 710 2157 captam
735 2070 1012 2158 Clytaemnestrae
1036 2073 1166 2137 nuntiet
1190 2073 1250 2159 Ag.
1274 2096 1302 2139 v.
1317 2075 1382 2139 296
1398 2097 1480 2160 sqq.:
1504 2073 1583 2139 σθέ-

272 2197 379 2246 νουσα
399 2175 528 2264 λαμπὰς
552 2173 583 2243 δ’
600 2173 742 2278 ἢοὐδέπω
765 2179 991 2265 μαυρουμένη,
1011 2175 1263 2265 ’Τπερθοροῦσα
1286 2183 1404 2246 πεδίον
1420 2177 1583 2263 Ἀσωποῦ,

273 2289 371 2371 δίκην
393 2288 543 2371 Φαιδρᾶς
562 2283 714 2370 σελήνης,
737 2283 821 2369 πρὸς
841 2288 1058 2373 Κιθαιρῶνος
1081 2285 1181 2363 λέπας
1190 2283 1346 2371 Ἤχειρεν
1365 2281 1471 2370 ἄλλην
1490 2286 1582 2351 ἐκδο-

273 2389 336 2479 χὴν
360 2396 495 2478 πομποῦ
518 2391 647 2476 πυρός,
678 2414 760 2477 quae
784 2394 911 2477 quidem
936 2395 1045 2479 imago
1070 2394 1258 2459 oblitterata
1281 2394 1415 2458 videtur.
1438 2431 1482 2440 -
1506 2392 1582 2458 Sors

273 2524 290 2565 e
314 2503 407 2586 galea
434 2523 567 2565 excussa
595 2499 723 2584 prosilit
746 2497 831 2583 Sept.
855 2524 884 2567 v.
904 2502 968 2566 458
984 2524 1044 2584 sq:
1072 2503 1171 2586 τρίτῳ
1200 2495 1264 2585 μὰρ
1288 2496 1446 2590 Ἐτεόκλῳ
1474 2503 1584 2586 τρίτος

272 2604 377 2686 πόλος
398 2601 449 2685 Ἐξ
473 2601 595 2671 ὑπτίου
611 2601 776 2689 ’πήδησεν
796 2602 960 2691 εὐχάλκου
978 2604 1132 2692 κρόνους.
1153 2644 1194 2654 -
1213 2607 1390 2672 Rumonem
1414 2630 1433 2671 a
1451 2607 1583 2672 feminis

273 2715 518 2780 disseminatum
543 2713 785 2798 dispersumque
806 2714 982 2798 Aegisthus
1007 2713 1162 2778 describit
1184 2713 1285 2777 hisce:
1312 2709 1395 2794 πρὸς
1413 2715 1583 2796 γυναικῶν

274 2818 529 2905 δειματούμενοι
554 2816 649 2902 λόγοι
668 2817 853 2905 Πεδολρσιοι
872 2817 1066 2905 θρόσκουσι
1086 2819 1138 2906 (ef.
1153 2844 1183 2904 p.
1194 2818 1259 2902 26).
1275 2857 1315 2865 -
1332 2819 1495 2884 Salientes
1514 2821 1584 2904 pin·

274 2932 395 3014 guntur
417 2927 589 3011 procellae,
620 2949 701 3010 quae
726 2929 834 2992 omnia
857 2929 994 2992 miscent
1016 2928 1124 2992 Proin.
1147 2950 1176 2992 v.
1200 2929 1285 2991 1085
1300 2949 1381 3010 sqq.:
1409 2928 1527 3013 σκιρτᾷ
1551 2926 1582 2991 δ’

273 3029 407 3118 ἀνέμων
431 3029 611 3116 Πνεόματα
635 3030 770 3097 πάντων
799 3034 845 3109 είς
872 3029 999 3116 όλλληλα
1023 3031 1152 3096 Στολσιν
1179 3029 1363 3098 ἀντίπνουν
1386 3028 1584 3098 ἀποδεικνύ-

274 3164 366 3224 μενα.
384 3177 421 3186 -
438 3139 487 3204 De
503 3138 645 3223 Choeph.
665 3161 693 3203 v.
710 3140 771 3203 167
793 3144 825 3203 et
839 3162 866 3203 v.
883 3141 969 3204 1024
980 3162 1025 3223 sq.
1037 3139 1107 3222 css,
1131 3162 1212 3224 quae
1231 3163 1261 3223 p.
1280 3141 1318 3206 19
1339 3140 1582 3223 disputavimus.

363 3246 432 3311 lam·
459 3269 534 3310 vero
563 3246 716 3330 quoniam
748 3246 980 3310 translationes
1009 3246 1203 3330 protulimus
1232 3248 1277 3310 sie
1304 3251 1413 3330 natas,
1445 3250 1482 3310 ut
1511 3269 1583 3312 con-

275 3358 362 3419 creta
386 3353 612 3438 abstractaque
640 3353 811 3436 praecipue
834 3352 969 3436 pedibus
998 3357 1144 3438 utantur,
1171 3357 1208 3417 ut
1236 3357 1426 3419 moveantur
1453 3355 1505 3418 vel
1528 3354 1585 3418 ali·

274 3461 351 3545 quid
375 3463 488 3545 agant,
517 3459 556 3524 ad
581 3481 634 3523 eas
658 3482 716 3524 nos
741 3464 966 3525 convertamus
990 3461 1155 3546 imagines,
1187 3461 1304 3545 quibus
1329 3483 1380 3544 ca,
1410 3483 1491 3546 quae
1515 3461 1582 3525 vita

275 3571 397 3651 carent,
426 3566 573 3629 manibus
599 3566 710 3630 aliisve
738 3567 890 3631 membris
918 3567 1069 3632 humanis
1093 3568 1251 3632 instructa
1279 3568 1319 3631 ad
1347 3590 1416 3632 rem
1440 3569 1581 3653 aliquam
1659 3607 1664 3616 ·

275 3674 478 3738 efficiendam
502 3674 650 3737 accedere
673 3673 831 3738 videntur.
868 3672 949 3739 (lum
974 3695 1047 3738 vero
1071 3696 1150 3758 quas
1169 3673 1233 3738 huo
1255 3674 1428 3738 referemus
1453 3674 1582 3739 confor·
1660 3671 1662 3678 ’

275 3782 434 3846 mationcs
463 3779 690 3844 difficillimum
719 3781 762 3844 sit
794 3784 880 3845 certo
910 3781 1048 3864 quodam
1080 3779 1190 3844 ordine
1218 3802 1423 3866 componere,
1456 3781 1581 3845 veniam

275 3889 369 3954 nobis
388 3888 538 3971 petimus,
562 3886 715 3950 siminus
739 3886 771 3951 id
795 3909 833 3951 ex
853 3888 1012 3952 sententia
1032 3887 1213 3972 contigerit.
1236 3925 1273 3934 —
1294 3887 1401 3952 Metus
1425 3886 1483 3975 (sc.
1502 3910 1579 3952 nau-

276 3993 386 4080 fragii)
417 3998 541 4078 partem
575 4017 671 4077 opum
699 3995 847 4058 manibus
877 3995 969 4079 quasi
997 3993 1126 4078 proicit,
1159 3999 1195 4058 ut
1223 4017 1337 4058 navem
1366 3997 1472 4059 servet
1499 3996 1581 4060 vado

276 4103 395 4167 illisam
424 4103 485 4185 Ag.
514 4125 542 4166 v.
566 4101 648 4166 1008
666 4124 725 4186 sq:
757 4098 811 4165 καὶ
839 4096 877 4167 τὸ
906 4098 966 4185 μὲν
999 4097 1062 4186 πρὸ
1092 4097 1269 4186 χρημάτων
1298 4104 1457 4183 Κτησίων
1484 4081 1582 4178 όκνος

276 4204 389 4291 βαλὼν
416 4205 538 4294 κτλ.80).
584 4205 699 4291 Navis,
730 4231 812 4292 quae
840 4211 922 4273 mari
944 4211 1099 4293 'procellis
1127 4209 1259 4273 turbato
1288 4209 1341 4272 vix
1364 4213 1581 4292 promovetur,

278 4317 367 4380 omni
399 4336 459 4398 ope
494 4318 589 4398 atque
621 4337 719 4398 opera
752 4319 908 4401 tanquam
941 4316 1087 4400 enititur,
1120 4320 1156 4379 ut
1183 4316 1298 4380 fluctus
1332 4319 1461 4399 superet
1492 4317 1581 4405 velut

276 4422 374 4488 homo
404 4421 538 4486 adverso
566 4420 697 4486 flumine
725 4427 840 4487 natans
870 4422 957 4506 Sept.
980 4446 1010 4488 v.
1029 4425 1108 4489 alo:
1140 4417 1223 4500 νειὸς
1254 4418 1425 4505 καμούσης
1456 4426 1580 4509 ποντίῳ

277 4523 362 4615 πρὸς
383 4525 512 4611 κύματι.
534 4565 572 4572 -
595 4526 719 4593 Chorus
740 4528 859 4594 Oceani
877 4530 1027 4614 filiarum,
1051 4531 1106 4614 qui
1125 4535 1297 4614 postquam
1321 4529 1473 4593 decurro
1496 4528 1582 4592 alato

278 4636 451 4719 descendit,
468 4636 503 4699 in
522 4657 672 4701 scaenam
690 4636 819 4720 prodiit,
838 4637 1031 4701 Prometheo
1051 4639 1157 4702 vincto
1177 4636 1254 4700 dicit
1273 4626 1341 4700 alas
1362 4657 1472 4700 currus
1490 4634 1582 4720 quasi

278 4744 363 4807 inter
382 4765 415 4808 se
435 4745 582 4827 certasse,
607 4745 643 4808 ut
665 4764 763 4826 quam
783 4744 946 4807 celerrime
969 4744 1057 4827 ipsas
1077 4743 1229 4808 afferrent
1247 4743 1351 4807 Prom.
1374 4764 1401 4805 v.
1424 4743 1485 4806 128
1501 4763 1581 4824 sqq.:

275 4843 339 4940 ἥδε
371 4847 461 4930 τάξις
492 4846 676 4936 Πτερόγων
710 4855 810 4926 θοαῖς
842 4837 995 4933 ἁμίλλαις
1023 4849 1180 4935 Προσέβα
1212 4847 1311 4914 τόνδε
1342 4844 1503 4933 sapora).
1540 4885 1577 4894 -
