3610 5542
813 363 1033 427 ...46-

275 523 343 587 dite
366 527 430 606 cst,
460 524 506 586 sic
534 521 805 604 subsequentibus
827 521 935 586 verbis
958 521 1198 606 elegantissime
1221 521 1416 586 testificandi
1439 520 1580 585 facultas

274 629 302 692 ci
328 628 529 692 attribuitur:
552 620 644 710 βαθὺ
667 628 783 710 τιτῶμα
801 627 1017 712 μαρτυροῦσα
1035 651 1101 711 μοι.
1137 627 1314 692 Affirmant
1332 629 1417 692 enim
1437 627 1581 712 virgines

274 757 309 799 se
332 735 442 820 potius
467 757 504 798 ex
525 735 583 798 illa
600 755 680 818 rupe
699 756 768 799 sese
787 735 966 800 deiecturus
986 756 1056 800 esse
1076 756 1172 818 quam
1191 735 1393 818 patruelibus
1411 737 1579 818 nupturas

273 839 399 924 Rupem
417 863 494 906 vero
513 843 629 904 testem
648 840 718 905 fore
738 863 807 904 sese
826 862 896 905 esse
915 841 1109 925 praecipitat
1111 863 1218 907 as—
1178 841 1386 905 -Breviter
1409 863 1464 907 eos
1488 843 1579 907 locos

275 948 427 1033 adiungo,
442 947 558 1030 quibus
573 946 734 1010 similem'
725 968 759 1010 111
774 947 904 1011 modum
919 947 1062 1011 abstract
1048 951 1083 1012 a
1097 947 1315 1012 illustrantur
1330 948 1392 1070 Ag.
1401 969 1431 1010 v.
1443 947 1507 1010 100
1517 969 1582 1031 sq:

273 1057 500 1138 τελεσσίφρων
527 1053 634 1136 μῆνις.
656 1087 702 1098 —-
729 1050 1025 1135 01ιοομ11.ν.941τ
1054 1051 1246 1136 δολιόφρων
1276 1050 1388 1116 κοινά.
1434 1037 1582 1117 (1111111.

274 1159 465 1224 1651-
495 1158 735 1243 septasee:
769 1157 946 1242 διχόφρονι
974 1153 1161 1246 κότμφ.-
1196 1158 1302 1224 Proin.
1326 1181 1354 1222 v.
1379 1158 1456 1222 762:
1489 1181 1583 1223 κενο-

276 1263 416 1352 φρόνων
449 1261 688 1349 βουλευμάτων
721 1265 759 1330 of.
787 1264 875 1329 Pers.
898 1287 928 1329 v.
954 1266 1024 1329 142.
1053 1301 1095 1312 -·
1128 1263 1239 1350 Suppl.
1266 1287 1295 1329 v.
1320 1265 1397 1328 700:
1432 1257 1583 1328 εὐκοινό-

276 1396 370 1457 μητις
388 1368 484 1458 άρχά.
502 1409 537 1418 -
555 1371 644 1436 Pers.
658 1394 686 1436 v.
701 1371 757 1435 93:
781 1367 962 1454 δολόμητιν
981 1366 1120 1435 ἀπάταν.
1153 1372 1201 1436 ef.
1220 1370 1362 1454 Choeph.
1376 1392 1404 1434 v.
1421 1370 1500 1453 7263
1519 1351 1591 1455 Ag?

277 1503 306 1545 v.
333 1481 431 1562 1495,
464 1502 491 1544 v.
517 1478 611 1542 1523.
664 1477 806 1554 Quarum
840 1479 1090 1542 translationum
1123 1480 1297 1560 permultas
1331 1499 1478 1541 sermone
1511 1497 1594 1546 esse,

279 1587 409 1650 attritas
432 1585 486 1649 vix
509 1583 666 1670 estquod
690 1607 849 1650 moneam.
874 1623 915 1632 -
939 1584 1130 1650 Extremum
1154 1591 1215 1669 est,
1243 1590 1280 1650 ut
1303 1583 1584 1670 magnificentissi-

278 1714 363 1756 mam
387 1691 551 1775 proferam
574 1690 861 1755 conformationem
889 1691 1050 1755 insaniam
1081 1692 1273 1756 efferentem.
1320 1690 1424 1755 Obvia
1448 1695 1497 1754 cst
1519 1689 1584 1774 Ag.

277 1823 305 1864 v.
329 1801 395 1863 222
419 1820 500 1882 sqq:
528 1792 670 1882 βροτοὺς
696 1793 862 1882 θρασύνει
890 1792 957 1882 γάρ
984 1793 1199 1882 αἰσχρόμητις
1230 1793 1378 1862 Τάλαινα
1406 1793 1584 1880 παρακοπὰ

276 1901 528 1991 Πρωτοπήμων.

893 2065 966 2144 se.

319 2192 365 2290 lle
390 2187 703 2257 conformationibus
727 2186 768 2252 ‹le
791 2187 892 2252 animi
916 2185 1131 2273 qualitatibus
1154 2187 1384 2256 affectionibus
1409 2207 1542 2257 commo·

774 2293 918 2360 tionibus
937 2293 1090 2390 sumptis.

367 2439 519 2514 Quamvis
543 2438 632 2502 varia
655 2458 693 2500 ea
717 2437 791 2520 sint,
814 2437 930 2521 quibus
954 2437 1081 2500 animus
1104 2437 1263 2503 humanus
1288 2439 1374 2503 affici
1398 2459 1435 2502 ao
1460 2437 1582 2500 moveri

281 2547 372 2628 solet,
397 2547 463 2609 sive
486 2545 610 2608 laetitia
632 2543 776 2627 tristitia,
800 2542 865 2606 siva
890 2565 998 2606 amore
1022 2543 1110 2625 odio,
1134 2545 1199 2607 sive
1224 2546 1336 2628 quovis
1360 2545 1424 2608 alio
1449 2545 1583 2626 impetu,
1610 2622 1612 2630 Α

279 2656 389 2716 tamen
412 2651 610 2716 omniafere
634 2652 747 2733 poetae
772 2653 848 2734 apta
871 2649 940 2713 visa
964 2653 1048 2732 sunt,
1072 2650 1189 2732 quibus
1213 2673 1263 2715 res
1282 2651 1462 2715 illustraret
1480 2650 1582 2712 inani·

280 2781 358 2822 mas.
395 2757 441 2822 Ut
464 2756 611 2821 exordiar
634 2779 653 2818 a
677 2755 837 2840 gaudendi
860 2755 1002 2838 notione,
1025 2777 1140 2838 praeco
1165 2756 1338 2821 admodum
1361 2758 1474 2838 laetus,
1499 2755 1585 2839 quod

278 2865 409 2929 tandem
433 2862 698 2953 Troiaqredierit
722 2864 875 2948 gaudium
900 2885 993 2927 suum
1017 2862 1057 2926 ad
1082 2851 1182 2928 solem
1210 2869 1330 2928 terram
1354 2866 1495 2948 patriam
1520 2863 1588 2927 alia

280 2972 444 3054 transfert,
460 2991 543 3054 quae
563 2969 733 3034 salutando
754 2971 989 3055 quodammodo
1010 2970 1204 3054 cohortetur,
1228 2975 1264 3034 ut
1284 2993 1391 3036 secum
1413 2972 1585 3052 laetentur,

279 3079 339 3161 Ag.
362 3100 392 3142 v.
415 3077 480 3142 508
505 3099 589 3162 sqq:
616 3077 682 3140 νῦν
705 3086 799 3160 χαίρε
821 3072 883 3158 μὲν
906 3072 1017 3159 χθών,
1044 3087 1138 3160 χαῖρε
1161 3070 1194 3139 δ’
1219 3069 1319 3159 ἡλίου
1342 3072 1429 3160 φάος
1451 3080 1519 3140 κτλ.
1542 3111 1586 3122 -

278 3183 402 3248 Eadem
425 3183 577 3268 pingendi
601 3183 728 3247 ratione
752 3185 848 3266 poeta
871 3204 947 3246 usus
972 3187 1021 3246 est
1045 3183 1142 3245 eiusd.
1166 3183 1188 3246 f.
1211 3184 1311 3246 1221
1335 3173 1362 3248 ui
1386 3193 1480 3268 χαῖρε
1503 3186 1600 3265 λαμ-.

279 3286 364 3375 κτὴρ
388 3285 516 3364 νυκτός.
543 3325 579 3334 -
606 3288 746 3352 Laetitia
769 3288 862 3371 quasi
886 3293 971 3352 terra
995 3289 1181 3371 exsultavit,
1211 3289 1406 3372 simulatque
1429 3287 1465 3351 Ιο
1489 3291 1585 3371 partu

281 3396 381 3459 edidit
403 3395 574 3459 Herculem
599 3394 708 3478 Suppl.
731 3418 761 3459 v.
781 3394 857 3458 584:
886 3395 987 3458 ἔνθεν
1015 3395 1104 3458 adon
1131 3396 1195 3480 βοᾷ
1224 3389 1366 3479 potor)
1390 3400 1458 3458 κτλ.
1504 3393 1586 3469 Quo·

281 3524 353 3566 cum
381 3503 452 3566 loco
477 3500 627 3566 Hensel
652 3501 671 3565 l.
696 3523 722 3564 a.
750 3502 841 3564 1811.
871 3501 944 3564 edit.
968 3525 997 3584 p.
1022 3501 1043 3565 5
1071 3507 1237 3584 comparat
1260 3501 1358 3585 Vcrg.
1381 3500 1450 3565 nel.
1475 3500 1504 3581 5,
1528 3501 1585 3562 62:

281 3609 343 3691 ipsi
367 3608 491 3671 laetitia
509 3630 608 3674 uoces
633 3607 673 3670 ad
702 3607 806 3672 sidera
829 3609 952 3672 iactant
973 3608 1100 3673 Intonsi
1128 3614 1220 3672 mont
1222 3631 1330 3674 es.—
1356 3607 1586 3691 Perpulchram

282 3715 529 3778 translationem
558 3717 598 3778 ab
627 3713 768 3798 agricult
769 3735 828 3777 ura
853 3713 1033 3797 Aeschylus
1058 3714 1161 3796 duxit,
1135 3718 1256 3777 tcum
1281 3712 1588 3796 Clytaemnestram,

284 3822 352 3884 eius
376 3821 529 3905 gaudium
553 3843 591 3883 ex
613 3821 866 3904 Agamemnonis
886 3821 980 3884 caede
1000 3825 1168 3903 captumu
1171 3821 1372 3904 tsignificet,
1395 3842 1461 3883 non
1481 3819 1587 3883 minus

282 3929 401 3992 laetam
425 3926 524 3991 fuisse
549 3926 635 3991 dicat
663 3950 758 4010 quam
782 3931 939 4012 segetem,
968 3950 1049 4011 quae
1078 3928 1279 4011 germinibus
1303 3927 1509 3991 nascentibus
1533 3925 1586 3989 de·

283 4035 418 4098 lectatur
440 4034 551 4117 pluvia
575 4033 636 4118 Ag.
659 4056 687 4097 v.
716 4034 797 4098 1391
824 4057 882 4117 sq:
913 4037 1097 4118 χαίρουσαν
1121 4028 1223 4108 οὐδὲν
1246 4023 1353 4117 ἧσσον
1376 4027 1397 4117 ἢ
1422 4029 1588 4120 διοσδότῳ

284 4137 387 4205 Γάνει
410 4136 575 4225 σπορητὸς
597 4136 739 4217 κάλυκος
763 4140 799 4204 ἐν
822 4137 1033 4226 λοχεύμασιν.
1081 4139 1133 4204 Sic
1157 4143 1253 4224 enim,
1281 4144 1318 4204 ut
1342 4141 1486 4224 exposui.
1515 4161 1588 4204 cum

284 4248 449 4312 Passowio
472 4245 603 4332 Engero
628 4248 699 4311 aliis
724 4249 914 4312 vocabulum
938 4245 1040 4326 κάλυξ
1063 4249 1266 4331 interpretor,
1291 4252 1387 4330 atque
1410 4248 1496 4310 haud
1521 4247 1589 4310 scio

174 4395 181 4408 ι
285 4377 326 4418 an
350 4355 455 4417 minus
480 4358 627 4418 accurate
595 4353 838 4419 teDindorfius
862 4355 990 4439 ‚‚spica“
1013 4358 1143 4419 convert
1144 4356 1206 4418 erit
1230 4354 1306 4440 (vid.
1325 4351 1484 4439 1111111
1487 4353 1587 4416 tenim

285 4483 344 4546 ego
374 4461 522 4545 equidem
549 4483 608 4525 nec
636 4461 775 4524 ullum
766 4485 799 4524 1n
828 4462 938 4525 lexicis
966 4463 1109 4525 locum'
1100 4463 1242 4525 invenire
1270 4461 1376 4544 potui,
1406 4460 1463 4524 ubi
1485 4457 1589 4536 κάλυξ

284 4570 389 4652 ipsam
420 4569 542 4650 spicam
574 4567 736 4651 signifieat
763 4605 806 4612 —
834 4591 1017 4654 quanquam
1049 4569 1086 4631 de
1117 4569 1280 4652 spicarum
1311 4567 1466 4632 folliculis
1498 4588 1591 4630 usur-

284 4681 382 4760 patur
408 4713 444 4722 -
472 4678 504 4738 et
526 4675 588 4739 hoc
612 4674 740 4757 quidem
764 4675 836 4760 loco
861 4674 1015 4759 germinis
1039 4675 1129 4738 notio
1154 4676 1255 4738 multo
1280 4695 1349 4738 esse
1374 4674 1481 4757 aptior
1503 4673 1590 4737 vide-

285 4788 348 4868 tur,
371 4783 446 4867 quia
460 4779 508 4846 'ex
533 4780 747 4866 agricolarum
773 4783 933 4846 sententia
962 4802 1054 4865 seges
1082 4785 1237 4845 nontam
1262 4781 1404 4864 tepidam
1429 4779 1592 4844 desiderat

285 4890 441 4974 pluviam,
468 4911 540 4954 cum
569 4890 674 4972 spicas
704 4889 844 4972 concipit
873 4911 970 4973 quam
994 4910 1065 4952 cum
1089 4889 1235 4972 germina
1258 4892 1443 4952 nascuntur.
1490 4885 1589 4952 Cuius
