3610 5542
837 373 1058 438 ..20-

296 529 368 594 culo
397 530 446 594 vel
475 529 647 594 involucro·
668 529 740 613 ipsa
767 533 854 594 terra
880 531 1040 596 instructa
1066 535 1130 613 est,
1157 552 1220 615 qua
1249 535 1395 597 mortuos
1425 536 1517 618 tegat
1541 532 1603 618 Ag.

297 659 324 700 v.
348 637 426 701 872:
454 632 581 720 χθονὸς
602 638 778 722 τρίμοιρον
801 642 942 721 χλαῖναν
964 633 1123 724 lauded)
1148 635 1205 723 (so.
1227 636 1479 725 Agamemnon).
1526 638 1602 714 Qui-

295 741 355 808 bus
388 744 509 826 verbis,
541 749 578 808 ut
611 744 709 808 etiam
742 744 966 808 antecedentia
999 744 1222 829 respiciamus,
1258 744 1339 809 haec
1371 745 1438 808 fere
1470 745 1604 810 subesse

294 849 420 914 videtur
452 849 627 915 sententia:
660 850 689 914 si
717 852 943 935 Agamemnon
970 851 1068 916 toties
1097 853 1224 936 quoties
1252 852 1340 916 fama
1367 851 1494 916 ferebat
1520 854 1603 936 peri·

294 956 386 1039 isset,
414 959 569 1041 tanquam
597 957 679 1022 alter
702 955 833 1040 Geryon
859 961 910 1022 ter
938 958 1083 1041 sepultus
1113 963 1207 1022 esset
1251 957 1335 1024 Nam
1364 980 1494 1024 versum
1519 960 1601 1025 871:

284 1057 422 1147 ’πολλὴν
441 1057 590 1146 decaden,
608 1058 671 1147 τὴν
688 1059 778 1128 κάτω
797 1058 862 1149 γάρ
882 1058 925 1129 οὐ
947 1061 1044 1146 λέγω,
1068 1064 1110 1128 ab
1124 1063 1254 1142 Weilic,
1278 1087 1374 1148 quem
1398 1069 1527 1129 secutus
1552 1070 1603 1130 est

293 1171 456 1256 lingerus,
484 1170 626 1236 deletum
650 1170 782 1234 minime
806 1168 1022 1254 d01e030erte
1047 1191 1104 1235 suo
1128 1170 1197 1235 iure
1220 1170 1310 1254 fecit,
1335 1174 1478 1237 ceterum
1497 1161 1598 1240 totius

292 1277 356 1343 loci
385 1299 515 1344 sensum
538 1298 590 1342 me
613 1277 715 1342 iudice
739 1276 860 1360 optime
884 1276 1028 1341 omnium
1052 1275 1259 1341 Hermannus
1289 1281 1456 1342 assecutus
1480 1283 1539 1344 est.
1559 1317 1600 1326 -

293 1384 394 1450 Varia
421 1389 511 1450 veste
538 1387 667 1449 noctem
694 1387 792 1469 poeta
821 1382 949 1448 ornavit
977 1382 1156 1466 mythicam
1184 1383 1309 1448 scilicet
1337 1384 1522 1466 opinionem
1551 1409 1600 1451 re-

293 1492 431 1575 spiciens
457 1491 563 1557 Prom.
586 1514 615 1555 v.
636 1491 694 1554 24:
721 1493 937 1574 investicione
960 1487 1077 1576 νύξω).
1123 1488 1305 1555 Scholiasta
1327 1512 1400 1554 cum
1424 1497 1511 1558 recte
1534 1495 1598 1578 qui·

292 1599 363 1664 dem
382 1620 494 1664 rocem
513 1600 729 1680 ποικιλείμων
746 1597 787 1661 ad
806 1597 931 1662 caelum
951 1597 1070 1662 referat
1088 1597 1265 1662 innumeris
1285 1596 1388 1662 stellis
1408 1597 1594 1664 distinctum

292 1709 325 1769 et
352 1707 558 1786 exornatum,
589 1703 673 1767 falso
701 1706 811 1766 tamen
840 1723 858 1765 e
890 1703 1040 1778 ποικίλος
1074 1705 1107 1766 et
1134 1697 1257 1786 λειμιίν
1285 1705 1500 1786 compositum
1528 1727 1596 1770 esse
1633 1716 1637 1724 ’

294 1813 409 1877 statuit
438 1811 612 1876 adnotans:
646 1812 861 1891 ποικιλείμων
888 1801 909 1892 ἡ
937 1801 984 1884 ὡς
1010 1804 1135 1892 λειμὼν
1162 1819 1232 1886 τοϊς
1267 1804 1401 1894 ἄστροις
1433 1816 1597 1877 ποικιλλο-

293 1917 386 2003 μένη.
408 1955 450 1964 -
474 1916 533 1982 Uti
557 1915 692 1981 audacia
714 1915 863 1998 exsultat,
886 1915 934 1978 ita
955 1915 1174 1998 pulcherrima
1197 1919 1247 1980 est
1269 1915 1393 2003 imago,
1417 1939 1480 2000 qua
1504 1939 1594 1982 mens
1710 1993 1715 2000 ,

291 2044 437 2090 maerore
456 2026 608 2106 metuque
628 2020 774 2086 confecta
792 2020 882 2104 pulla
901 2020 993 2104 quasi
1011 2023 1101 2085 veste
1120 2021 1238 2086 amiota
1257 2026 1308 2088 est
1326 2023 1452 2088 Perae.
1464 2023 1528 2088 114
1539 2047 1598 2109 sq.:

289 2125 393 2196 ταῦτά
417 2155 474 2213 μοι
498 2131 702 2214 μελαγχίτων
729 2121 825 2213 Φρὴν
852 2120 1034 2211 ἀμύσσεται
1057 2123 1163 2216 φόβῳ.
1210 2126 1262 2195 Sic
1285 2130 1492 2196 Hermannus
1517 2132 1595 2196 Din-

290 2238 410 2303 dcrfius
433 2236 607 2302 Teuffelius
631 2235 699 2318 alii,
725 2256 831 2320 neque
860 2233 1035 2320 quidquam
1064 2235 1104 2299 ad
1132 2236 1310 2320 imaginem
1339 2238 1596 2323 perspiciendam

289 2347 425 2410 interest
457 2346 658 2410 coniecturas
692 2341 732 2406 ad
759 2342 845 2406 hunc
874 2342 981 2407 locum
1013 2343 1157 2424 prolatas
1190 2365 1390 2428 percensere,
1423 2345 1499 2429 quia
1530 2345 1597 2408 fere

290 2475 411 2536 omnes,
429 2453 467 2518 'ni
485 2453 589 2536 fallor,
607 2472 719 2516 omnes
739 2453 835 2534 certe,
858 2450 914 2534 qui
932 2453 1068 2534 textum,
1089 2473 1155 2515 non
1178 2454 1310 2534 poetam
1329 2452 1490 2536 corrigere
1514 2451 1599 2516 vole·

290 2561 379 2643 bant,
402 2560 608 2643 μελαγχίτων
635 2556 716 2620 illud
744 2557 955 2622 retinuerunt.
981 2593 1018 2603 -
1050 2555 1118 2622 Neo
1146 2556 1252 2621 minus
1277 2559 1382 2623 audax
1406 2558 1596 2642 metaphora

289 2667 386 2732 obuia
409 2669 459 2731 est
481 2665 575 2730 Eum.
597 2687 627 2730 r.
647 2664 721 2747 375,
745 2663 801 2728 ubi
823 2661 1003 2747 Furiarum,
1027 2685 1106 2746 quas
1129 2663 1225 2749 nigro
1249 2665 1441 2729 vestimento
1465 2664 1596 2730 indutas

289 2777 401 2838 noster
428 2771 536 2857 finxit,
563 2770 766 2836 invasionem
794 2789 851 2854 per
878 2769 1112 2852 metonymiam
1141 2772 1213 2834 atra
1239 2774 1328 2834 veste
1355 2769 1463 2834 induit
1490 2771 1595 2836 hisce:

288 2874 460 2965 ἁμετέραις
479 2873 616 2963 ἐφόδοις
635 2880 880 2962 μελανείμοσιν.
899 2913 936 2924 -
963 2875 1221 2961 Elegantissime
1239 2876 1495 2942 conformatione
1514 2879 1595 2941 vati-

288 2987 410 3050 cinium
440 2987 491 3051 vel
524 2985 689 3050 oraculum
722 2985 868 3062 effertur,
899 3005 971 3048 eum
1004 2982 1037 3046 id
1068 2984 1176 3068 ipsum
1208 3006 1311 3050 novae
1343 2989 1464 3068 nuptae
1491 2983 1597 3050 instar

287 3093 401 3178 pudice
424 3092 516 3176 quasi
540 3114 577 3156 ex
601 3091 759 3157 velamine
789 3091 990 3174 prospiciens
1013 3091 1179 3156 videamus
1205 3091 1264 3174 Ag.
1287 3115 1317 3156 r.
1343 3093 1428 3158 1178
1453 3114 1513 3177 sq.:
1541 3089 1595 3156 καὶ

287 3194 354 3282 μὴν
387 3193 405 3265 ὁ
438 3192 585 3285 χρησμὸς
618 3191 726 3263 οὐκέτ’
763 3196 798 3261 ἐκ
829 3193 1053 3282 καλυμμάτων
1077 3192 1193 3262 Ἔσται
1226 3192 1394 3279 δεδορκώς
1425 3194 1595 3283 νεογάμου

287 3304 422 3391 νύμφης
445 3306 552 3388 δίκην.
599 3304 686 3380 Quae
710 3305 819 3388 imago
848 3327 885 3370 eo
913 3307 1018 3390 magis
1047 3327 1106 3370 nos
1130 3303 1381 3368 delectatatio
1406 3305 1594 3370 admiratio-

287 3436 360 3478 nem
388 3413 521 3496 abripit,
550 3413 625 3496 quie
653 3415 741 3476 caret
768 3413 928 3497 gravitate
955 3413 1027 3497 illa,
1060 3435 1123 3497 qua
1151 3412 1333 3494 Aeschylus
1362 3413 1411 3489 nti
1439 3414 1521 3478 solet
1549 3433 1586 3477 ae

286 3522 419 3605 propius
438 3520 478 3584 ad
489 3519 704 3603 Sophocleum
719 3518 799 3582 illud
814 3519 935 3583 accedit
950 3518 1075 3584 dicendi
1089 3541 1190 3604 genus
1205 3518 1449 3604 urbanumque
1466 3539 1591 3582 summa

286 3628 454 3713 voluptate
478 3626 665 3691 efficiuntur
689 3625 888 3692 audientium
912 3626 1022 3691 animi.
1037 3663 1079 3672 -
1102 3625 1174 3690 Hoc
1197 3626 1268 3688 loco
1292 3625 1486 3710 subiungere
1510 3623 1591 3688 mihi

288 3735 386 3799 liceat
408 3735 657 3798 translationem
681 3754 758 3797 voce
781 3728 968 3817 κάτοπτρον
991 3730 1179 3819 formatam,
1206 3752 1282 3793 nam
1311 3753 1495 3814 quanquam
1524 3753 1591 3814 ape·

281 3842 396 3916 culum
423 3829 490 3905 riori
519 3841 559 3906 ad
587 3841 692 3924 ipsam
719 3843 844 3904 vestem
871 3839 1024 3924 pertinet,
1052 3841 1163 3901 tamen
1192 3837 1427 3922 quodammodo
1456 3837 1496 3901 ad
1524 3859 1591 3901 cor-

285 3947 376 4031 poris
401 3935 521 4012 eultu'm
547 3968 719 4030 curamque
744 3949 882 4029 spectat,
906 3947 1013 4010 exstat
1036 3949 1144 4008 autem
1167 3943 1281 4028 fragm.
1305 3945 1379 4028 288,
1402 3943 1457 4007 ubi
1481 3943 1591 4008 vinum

191 4127 197 4138 ,
286 4055 386 4118 animi
412 4055 578 4138 speculum
601 4057 747 4119 vocatur:
771 4049 957 4132 κάτοπτρον
981 4052 1094 4129 είδοῦς
1116 4048 1237 4138 χαλκός
1257 4045 1336 4133 ἐστ’,
1361 4045 1453 4128 οἶνος
1473 4047 1510 4116 δὲ
1528 4052 1593 4116 νοῦ
1722 4061 1724 4066 ’

285 4158 339 4247 (cf.
362 4160 424 4246 Ag.
447 4184 476 4225 v.
501 4160 588 4249 839).

374 4268 446 4354 Age
473 4291 570 4352 porro
598 4269 851 4352 consideremus,
884 4268 1043 4352 quomodo
1076 4268 1190 4332 domus
1219 4266 1326 4330 eiusve
1359 4269 1468 4350 partes
1497 4269 1592 4349 porta

285 4397 341 4440 ara
372 4375 463 4440 sedes
491 4376 543 4439 vel
573 4376 692 4441 solium
725 4373 942 4462 abstractae)
976 4374 1098 4439 dentur.
1145 4374 1193 4438 Ac
1221 4372 1420 4437 domicilium
1448 4355 1591 4436 iustitiae

284 4485 554 4547 commemoratur
576 4481 670 4548 Eum.
688 4507 718 4548 v.
731 4483 810 4548 515:
834 4479 903 4547 ἐπεὶ
926 4484 1033 4546 πίτνει
1057 4478 1160 4564 δόμος
1183 4481 1285 4556 δίκας.
1327 4479 1374 4545 Of.
1388 4479 1449 4564 Ag.
1464 4503 1494 4544 v.
1510 4481 1528 4543 7
1533 4480 1590 4543 70:

284 4593 442 4672 μελαίνας
465 4587 686 4676 μελάθροισιν
701 4584 808 4666 ’Ἁτας
823 4629 867 4636 -
891 4589 1131 4673 Saepenumero
1149 4588 1223 4653 Oroi
1247 4591 1360 4671 portae
1382 4587 1590 4650 inveniuntur

284 4702 317 4761 et
345 4698 429 4781 apud
458 4696 538 4762 alios
566 4702 680 4780 poetas
709 4699 741 4761 et
774 4697 858 4780 apud
886 4691 1034 4761 nostrum
1063 4697 1125 4782 Ag.
1148 4719 1176 4760 v.
1203 4696 1302 4760 1291:
1326 4688 1445 4758 ’Ἅιδου
1472 4688 1589 4770 πάλας.

282 4804 354 4869 Ηοε
376 4806 467 4869 locos
491 4827 509 4868 e
531 4803 675 4889 mythice
703 4804 855 4887 opinione
883 4802 1088 4888 explicandos
1117 4825 1186 4868 esse
1209 4803 1369 4867 neminem
1392 4800 1522 4886 fugerit
1547 4835 1586 4846 -

283 4910 558 4987 Quemadmodum
592 4911 648 4994 dii,
680 4912 728 4976 ita
758 4912 908 4977 notiones
941 4933 1068 4996 quoque
1101 4932 1212 4975 eorum
1236 4909 1372 4994 similes,
1404 4909 1432 4972 si
1458 4931 1526 4974 non
1553 4909 1588 4972 in
1647 4929 1654 4940 ·
