3610 5542
839 404 1053 468 *36-

294 555 503 622 facultatibus
527 559 574 623 uti
598 559 755 625 videntur.
798 562 906 626 Pulvis
931 563 1014 626 enim
1038 563 1137 628 humo
1161 563 1318 628 excitatus
1340 568 1496 649 tanquam
1515 588 1597 629 nun-

293 662 358 726 tius
381 665 443 746 est,
472 668 580 730 mutus
603 665 658 730 ille
682 666 826 751 quidem,
853 668 909 732 sed
932 672 1042 733 tamen
1065 674 1184 754 certus,
1213 671 1267 753 qui
1291 671 1401 735 hostes
1426 671 1599 736 adventare

294 767 334 832 ad
358 769 491 834 chorum
515 770 638 835 deferat
661 771 747 857 Sept.
771 797 799 838 v.
820 775 858 840 81
877 797 937 860 sq.:
974 776 1109 861 aldeola
1137 773 1230 852 κόνις
1252 800 1291 861 με
1319 781 1428 843 πείθει
1452 774 1601 861 φανείσ’,

284 870 452 952 ’Ἀναυδος
475 871 585 961 σαφὴς
608 879 726 963 ἔτυμος
749 874 913 964 ἄγγελος,
941 904 1077 966 quorum
1102 883 1267 986 simillima
1295 889 1372 949 sunt
1399 885 1479 948 haec
1502 886 1602 949 verba

293 1003 463 1067 oxymora,
491 1005 573 1068 quae
597 984 749 1070 leguntur
772 985 884 1072 Suppl.
906 1011 934 1052 v.
957 989 1032 1054 180:
1062 984 1129 1072 ὁρῶ
1152 987 1259 1072 κόνιν,
1283 986 1434 1056 ἀναυδον
1458 987 1602 1075 ἀχχελον

294 1090 445 1173 στρατοῦ.
472 1127 512 1135 -
537 1089 609 1155 Huc
632 1091 694 1178 Ag.
718 1115 746 1156 v.
765 1093 831 1158 282
854 1115 981 1180 quoque
1004 1097 1137 1180 spectat,
1160 1097 1216 1161 uhi
1240 1097 1326 1162 faces
1350 1097 1499 1162 ardentes
1524 1121 1601 1164 voce

292 1189 440 1278 ἀγχαρος
461 1196 676 1263 illustrantur:
710 1194 856 1282 φρυκτὸς
880 1197 917 1265 δὲ
945 1196 1095 1284 φρυκτὸν
1125 1195 1217 1284 δεῦρ’
1243 1197 1299 1267 ἀπ’
1325 1200 1476 1288 ἀγγάρου
1497 1201 1602 1290 πυρὸς

284 1297 451 1387 Ἔπεμπεν
466 1353 473 1368 .
489 1353 518 1368 ..
542 1302 691 1389 Namque
714 1300 874 1390 ἀχχαροι,
898 1307 983 1391 quod
1007 1311 1057 1372 est
1079 1293 1273 1372 vocabulum
1297 1332 1314 1374 e
1337 1311 1449 1394 lingua
1472 1311 1603 1376 Persica

292 1409 444 1493 petitum,
466 1411 597 1494 proprie
620 1411 726 1476 nuntii
750 1412 909 1477 nominati
935 1408 1031 1497 sunt,
1044 1415 1097 1498 qui
1124 1413 1180 1477 alii
1204 1415 1237 1478 in
1262 1415 1398 1480 aliorum
1423 1418 1601 1482 stationem

294 1517 498 1582 succedentes
521 1539 578 1601 per
601 1522 706 1583 totum
730 1519 901 1584 Persarum
927 1541 1062 1604 regnum
1087 1542 1169 1606 equo
1193 1522 1406 1606 vehebantur,
1433 1527 1470 1587 ut
1492 1544 1601 1608 regem

255 1651 267 1664 ·
292 1623 330 1686 de
358 1623 411 1706 iis,
441 1647 522 1708 quae
550 1624 638 1690 facta
666 1629 787 1707 essent,
815 1627 986 1691 certiorem
1015 1625 1183 1691 facerent..
1216 1625 1429 1713 Comparetur
1456 1630 1556 1694 eiusd.
1578 1630 1601 1695 f.

292 1750 320 1792 r.
340 1729 396 1812 21,
419 1751 447 1794 v.
467 1729 545 1813 475,
568 1752 597 1795 v.
616 1731 690 1795 262.
716 1767 753 1777 -
780 1730 907 1796 Aurora
931 1731 1044 1796 deinde
1068 1737 1104 1796 ut
1127 1733 1214 1797 laeta
1237 1733 1352 1799 Troiae
1383 1738 1496 1818 captae
1519 1757 1601 1800 nun-

291 1835 337 1899 tia
366 1836 423 1918 sit,
452 1834 711 1920 Clytaemnestra
739 1841 832 1922 optat
859 1839 919 1924 Ag.
947 1861 975 1902 r.
999 1839 1064 1903 264
1085 1861 1143 1923 sq.:
1181 1835 1360 1924 εὐάγγελος
1386 1837 1447 1925 μὲν
1462 1890 1470 1906 .
1485 1892 1515 1906 ..
1539 1841 1602 1920 ἕσις

291 1939 421 2024 γένοιτο
451 1939 505 2028 (cf.
533 1966 564 2026 p.
583 1941 650 2030 30).
676 1981 714 1990 -—
739 1943 894 2030 Vestigiis
923 1967 1020 2030 porro
1047 1944 1170 2010 Orestis
1194 1945 1309 2012 Furiae
1339 1953 1493 2032 tanquam
1519 1950 1601 2012 indi-

291 2048 381 2113 cibus
401 2051 547 2133 utuntur,
570 2051 688 2135 quippe
708 2073 790 2135 quae
811 2052 959 2136 prodant,
983 2075 1046 2137 quo
1067 2052 1229 2136 aufugerit
1247 2054 1341 2120 Eum.
1364 2077 1392 2119 v.
1412 2055 1491 2119 245:
1515 2054 1598 2120 ἕπον

292 2151 329 2220 δὲ
357 2156 547 2241 μηνυτῆρος
575 2151 769 2241 ἀφθέγκτου
797 2159 951 2243 φραδαῖς.
980 2197 1014 2206 -
1042 2159 1090 2224 Ao
1115 2163 1225 2234 ¹metus
1253 2161 1352 2226 animi
1380 2165 1486 2227 rector
1508 2163 1601 2246 fingi·

290 2265 345 2327 tur
367 2263 460 2328 Eum.
489 2286 516 2328 r.
541 2263 606 2328 516
622 2285 704 2348 sqq:
738 2258 812 2328 ἔσθ’
839 2259 924 2330 ὅπου
946 2260 984 2331 τό
1008 2261 1122 2331 δεινὸν
1147 2255 1196 2349 εὖ,
1220 2264 1287 2331 Καὶ
1310 2270 1446 2353 φρενῶν
1470 2267 1599 2333 ἐπίσκο-

290 2368 357 2435 πον
386 2375 452 2434 Δεῖ
476 2369 590 2455 μένειν
621 2367 825 2453 καθήμενον.
869 2371 970 2448 Quam
1002 2371 1230 2456 Hermanniffl)
1262 2375 1453 2458 scripturam
1482 2374 1598 2460 Opusc.

291 2475 353 2560 VI,
376 2478 405 2540 2.
429 2500 459 2560 p.
480 2478 522 2541 83
537 2498 606 2562 sqq.
629 2478 831 2562 propositam
857 2479 1028 2543 admodum
1053 2481 1256 2564 probabilem
1283 2505 1355 2546 curn
1379 2481 1499 2546 Weilio
1522 2483 1596 2546 reci-

290 2585 406 2668 pimus.
451 2582 621 2650 Convertit
648 2589 756 2650 autem
784 2585 990 2650 Hermannus
1015 2586 1046 2650 h.
1071 2587 1090 2652 l.
1114 2589 1173 2652 ita:
1204 2609 1453 2672 „nonnunquam
1478 2588 1599 2653 bonum

290 2695 341 2754 est
360 2692 482 2774 timere,
506 2693 538 2754 et
561 2695 689 2774 oportet
713 2692 811 2757 animi
830 2693 997 2757 custodem
1016 2694 1228 2757 constitutum
1247 2691 1450 2779 manere“⁷⁰).
1483 2695 1598 2780 Neque

288 2802 403 2883 postea
425 2797 516 2861 illum
543 2797 577 2860 in
601 2798 746 2863 alianae
770 2799 904 2864 meliora
928 2799 1015 2862 abire
1039 2798 1188 2864 debuisse
1216 2803 1303 2864 recte
1327 2801 1463 2866 Weilius
1487 2806 1599 2866 monet

290 2904 333 2988 (p.
349 2902 416 2988 63).
434 2941 472 2950 -
488 2902 519 2970 U
536 2926 659 2990 cunque
674 2929 750 2972 vero
764 2929 815 2971 res
831 2906 988 2989 sehabet,
1004 2909 1036 2970 et
1049 2906 1250 2972 Passowium
1266 2912 1299 2972 et
1312 2908 1448 2992 Papium
1463 2930 1598 2992 errasse,

259 3001 263 3011 ⁴
289 3032 361 3076 cum
389 3012 486 3076 verba
513 3012 570 3076 illa
601 2993 905 3096 interpretarentur:
942 3013 1016 3097 ,das
1046 3012 1102 3076 das
1136 3014 1286 3098 gemueth
1316 3014 1409 3096 trifft,
1442 3015 1598 3100 bewegt“,

288 3140 384 3182 nemo
409 3122 465 3202 est,
489 3120 566 3204 quin
590 3119 685 3183 facile
709 3121 873 3185 concedat.

377 3223 483 3310 Magis
513 3225 611 3289 etiam
639 3227 757 3290 mentis
780 3227 953 3292 facultates
978 3228 1135 3292 concretis
1165 3228 1400 3312 abstractisque
1428 3228 1527 3292 tribui
1551 3227 1594 3291 vi-

230 3328 233 3336 ’
289 3333 406 3396 dentur
433 3333 487 3416 iis,
521 3355 601 3416 quas
629 3333 700 3396 iam'
723 3334 879 3398 allaturus
909 3355 979 3397 sum
1008 3333 1207 3418 metaphoris
1237 3334 1274 3398 de
1303 3335 1418 3399 medici
1447 3335 1596 3420 magistri

289 3441 373 3504 vatis
396 3440 529 3504 notione
549 3441 695 3524 sumptis.
732 3440 872 3505 Vincula
895 3441 1078 3526 famemque
1103 3442 1243 3524 optimos
1268 3463 1336 3506 esse
1359 3442 1513 3522 methona,
1542 3441 1597 3525 qui

288 3546 339 3610 vel
363 3550 561 3611 senectutem
585 3547 697 3612 docere
720 3547 861 3632 possint,
886 3547 1062 3632 Aegisthus
1087 3549 1133 3612 ait
1155 3549 1258 3612 hisce:
1282 3549 1343 3632 Ag.
1362 3571 1390 3612 v.
1412 3549 1493 3613 1621
1512 3569 1596 3631 sqq:

289 3647 411 3736 δεσμὸς
439 3648 475 3716 δὲ
503 3651 558 3718 καὶ
586 3647 623 3717 τό
652 3654 757 3737 γῆρας
784 3654 822 3718 uf
845 3677 880 3718 τε
903 3650 1057 3737 νήστιδες
1081 3650 1173 3717 Δύαι
1201 3649 1372 3718 διδάσκειν
1401 3654 1596 3739 ἐξοχώταται

288 3760 424 3842 φρενῶν
454 3758 703 3844 Ἰατρομάντεις.
740 3797 775 3805 -
811 3759 985 3844 Exquisita
1017 3763 1183 3842 praeterea
1210 3760 1395 3825 huiusmodi
1423 3762 1596 3825 translatio

288 3865 404 3951 fragm.
428 3867 494 3930 244
518 3870 607 3931 extat
630 3867 773 3950 mythica
802 3867 952 3950 opinione
976 3866 1097 3930 efficta:
1127 3853 1153 3931 ῶ
1178 3863 1307 3932 (θάνατε
1331 3864 1461 3950 Παιάν,
1490 3864 1534 3950 μὴ
1559 3863 1591 3950 μ’

289 3967 450 4060 ἀτιμάσῃς
477 3978 605 4056 μολεῖν·
644 3970 762 4050 Μόνος
788 3968 853 4057 γὰρ
883 3967 914 4036 εἶ
939 3967 981 4036 σὺ
1010 3973 1077 4037 τῶν
1109 3966 1301 4056 ἀνηκέστων
1328 3973 1441 4038 κακῶν
1462 3968 1596 4058 Ἰατρός,

289 4073 391 4162 ἀλγος
411 4075 442 4143 δ’
465 4074 566 4145 οὐδὲν
585 4075 720 4144 ἅπτεται
743 4081 875 4164 νεκροῦ.
893 4117 934 4126 -
956 4077 1067 4143 Sermo
1088 4080 1167 4143 bene
1187 4078 1387 4164 excogitatus
1412 4081 1513 4143 animi
1531 4081 1594 4144 ira-

288 4186 405 4250 cundia
433 4187 573 4252 ardentis
602 4191 736 4252 vocatur
765 4187 907 4252 medicus
935 4186 1041 4251 Prom.
1069 4209 1097 4250 v.
1117 4188 1196 4252 378:
1230 4182 1399 4274 φρενὸςῃ)
1428 4184 1596 4269 νοσούσης

287 4290 373 4358 είσλν
388 4291 496 4379 ίατροί
512 4290 616 4377 λόγοι.
629 4333 666 4340 -
680 4293 759 4377 Spes
775 4293 890 4358 medici
903 4294 996 4378 quasi
1011 4297 1120 4376 partes
1137 4293 1206 4378 agit
1220 4291 1362 4376 Chocph.
1371 4316 1399 4358 v.
1412 4293 1475 4358 698
1483 4315 1542 4378 sq.:
1555 4345 1561 4357 .
1572 4343 1594 4359 ..

286 4394 370 4484 ἥπερ
390 4399 426 4464 ἐν
446 4397 579 4484 δόμοισι
597 4402 751 4484 βακχείας
769 4403 872 4484 καλῆς
891 4399 1015 4484 (Herm.
1035 4395 1146 4485 ζάλης)
1164 4394 1289 4484 Ἰατρὸς
1313 4397 1403 4476 ἐλπὶς
1422 4388 1464 4482 ἦν
1480 4451 1487 4465 .
1502 4451 1532 4464 ..
1551 4436 1594 4446 -

287 4506 438 4572 Medendi
462 4506 599 4592 denique
623 4507 761 4571 facultas
786 4507 1025 4589 precationibus
1049 4507 1144 4570 datur
1168 4507 1282 4590 fragm.
1310 4507 1386 4571 142ε
1422 4500 1533 4590 εὐχαῖς
1557 4503 1594 4570 δὲ

287 4611 404 4693 σῶζοις
427 4610 588 4691 δεσπότας
615 4617 797 4690 παιωνίοις.
839 4612 886 4680 Cf.
910 4616 970 4698 Ag.
999 4635 1027 4677 r.
1054 4614 1213 4698 1198sq.:
1246 4609 1397 4688 καὶπῶς
1424 4605 1467 4676 ἀν
1491 4607 1594 4696 ὅρκον

285 4722 398 4806 πῆχμα
421 4724 584 4805 γενναίως
606 4717 710 4804 παγὲν
734 4716 909 4785 Παιῶνιον
931 4718 1088 4802 χένοιτο;.

374 4827 466 4914 Ignis
491 4828 635 4893 omnium
658 4828 778 4892 artium
802 4828 959 4911 magister
987 4830 1037 4891 est
1059 4824 1164 4890 Proin.
1188 4847 1216 4890 v.
1243 4825 1304 4890 109
1321 4846 1402 4909 sqq:
1435 4826 1593 4911 θηρῶμαι

285 4930 391 5021 πυρὸς
414 4931 535 5020 Πηγην
558 4937 737 5019 κλοπαίαν,
765 4929 786 5019 η
811 4930 1010 5010 διδάσκαλος
1033 4931 1148 5018 τέχνης
1171 4921 1288 5016 Πάσης
1310 4935 1444 5017 βροτοῖς
1465 4930 1594 5016 πέφηνε
