3610 5542
758 391 979 454 ...19...

219 550 359 615 editores
383 551 478 615 aliter
500 571 572 613 eum
596 549 776 614 exhibeant.
821 549 867 613 Iu
882 552 1003 634 tamen,
1028 549 1055 612 si
1078 548 1232 612 traditam
1256 549 1449 633 scripturam
1473 569 1519 612 se-

219 657 356 741 quimur,
379 659 527 722 constare
551 656 778 748 videturbvoce
801 651 1023 739 κελαινόχρως
1046 677 1102 720 cor
1124 655 1263 739 depingi.
1305 652 1426 719 Sanare
1445 676 1520 721 vero

218 763 304 827 hunc
326 764 434 828 locum
457 765 507 848 iis,
530 764 646 847 quibus
669 783 754 826 nunc
777 762 900 826 utimur
923 761 1104 845 praesidiis
1126 761 1180 825 vix
1204 761 1374 846 quisquam
1392 761 1521 846 poterit.

221 867 286 933 (lor
304 869 427 952 deinde,
441 869 526 954 quod
546 871 612 934 sive
630 870 746 934 timore
765 869 949 952 perculsum
967 869 1106 952 palpitat
1126 869 1192 932 sive
1212 868 1378 933 iracundia
1396 869 1522 950 ardens,

221 977 345 1041 saltans
367 977 504 1061 fingitur
527 975 669 1060 Ohoeph.
693 999 720 1040 v.
746 976 821 1041 167:
850 970 995 1060 ὀρχεῖται
1023 971 1060 1040 δὲ
1082 976 1203 1058 καρδία
1226 972 1348 1062 φόβφ.;
1378 975 1519 1040 eiusdem

219 1083 294 1178 f5v.
321 1084 406 1148 1024
429 1104 488 1167 sq.:
528 1079 612 1167 πρός
641 1079 679 1147 δὲ
715 1084 836 1169 καρδίᾳ
871 1079 978 1166 φόβος
1001 1077 1130 1147 ’Ἁιδειν
1164 1081 1295 1166 ἕτοιμος
1328 1077 1384 1166 ἠδ’
1420 1064 1532 1167 tuoe?

220 1196 354 1273 χεῖσθαι
377 1186 472 1279 κότῳ.
490 1228 527 1236 -
554 1190 661 1275 Atque
685 1191 817 1275 sanguis
842 1190 936 1254 caede
960 1187 1238 1274 Clytaemnestrae
1262 1190 1384 1254 effusus
1407 1189 1523 1255 obdor-

220 1298 288 1376 mit,
311 1301 484 1383 postquam
509 1297 638 1362 Orestes
663 1299 810 1383 expiatus
835 1302 885 1360 est
907 1298 1001 1363 Eum.
1024 1320 1053 1362 v.
1073 1298 1152 1362 280:
1176 1299 1278 1382 βρίζει
1300 1292 1365 1380 γὰρ
1389 1287 1479 1379 αἷμα.

309 1404 499 1469 Extremum
518 1408 576 1486 est,
593 1408 630 1468 ut
648 1426 686 1469 ea
704 1404 851 1488 exempla
870 1404 1078 1488 excutiamus,
1093 1404 1209 1489 quibus
1228 1403 1364 1468 cadaver
1381 1402 1524 1468 hominis

221 1512 261 1576 ad
290 1511 391 1576 vitam
419 1512 513 1596 quasi
539 1515 716 1576 revocatur.
762 1510 922 1594 Aegistho
950 1512 1057 1577 occiso
1082 1511 1212 1578 Orestes
1239 1511 1340 1576 vitam
1367 1513 1525 1594 tanquam

222 1619 337 1703 reddit,
361 1641 433 1683 cum
452 1616 729 1702 Clytaemnestrae
749 1620 854 1702 matri,
878 1641 974 1702 quam
993 1618 1220 1684 interfecturus
1240 1622 1299 1701 est,
1322 1617 1526 1682 acerbissime

223 1727 309 1792 dicat
336 1727 441 1810 ipsam
468 1748 541 1790 cum
569 1729 727 1805 amatore,
760 1749 854 1811 quem
886 1727 951 1790 iam
979 1728 1185 1810 percusserit,
1217 1747 1287 1790 esse
1315 1723 1527 1790 dormituram

225 1831 365 1917 Ohoeph.
388 1857 419 1898 v.
442 1833 518 1898 906:
551 1828 659 1920 τοότφ
687 1834 844 1899 θανοῦσα
873 1829 1091 1916 συγκάθευδε.
1115 1871 1159 1880 —
1182 1832 1243 1917 Ag.
1267 1824 1295 1899 v.
1321 1833 1405 1896 1446
1434 1853 1528 1896 caesa

224 1939 407 2023 Cassandra
445 1940 583 2004 amatrix
615 1936 793 2025 (φιλήτωρ)
826 1943 959 2005 vocatur
992 1939 1247 2025 Agamemnonis
1284 1937 1454 2002 interfecti.
1483 1973 1526 1984 -·

227 2045 384 2111 Similiter
402 2069 471 2112 sese
490 2047 611 2112 hebent
630 2047 664 2111 hi
683 2047 758 2112 loci:
784 2046 879 2112 Eum.
893 2071 922 2112 v.
938 2047 1000 2112 767
1018 2070 1086 2132 sqq.
1106 2044 1160 2132 (de
1180 2045 1322 2131 Oreste):
1344 2040 1440 2110 αὐτοὶ
1463 2040 1527 2130 γάρ

224 2149 317 2238 ἡμεῖς
340 2149 435 2231 ὅντες
458 2153 494 2220 ἐν
520 2152 640 2237 τάφοις
669 2150 743 2218 τότε
776 2156 852 2230 Τοῖς
882 2147 968 2238 τάμά
998 2156 1223 2238 παρβαίνουσι
1253 2155 1318 2218 νῦν
1354 2148 1529 2236 ὁρκώματα

222 2256 436 2345 Ἀμηχάνοισι
459 2257 628 2345 πράξομεν
652 2259 870 2345 δυσπραξίαις
892 2265 970 2344 κτλ,
993 2261 1055 2325 nisi
1078 2261 1113 2324 hi
1136 2283 1248 2325 versus
1272 2283 1344 2324 cum
1360 2258 1529 2324 Dindorfio

226 2372 258 2432 et
290 2367 410 2433 Weilio
444 2369 485 2432 ab
518 2366 681 2451 Aeschylo
714 2367 927 2432 abiudicandi.
952 2371 1036 2432 sunt.
1067 2403 1111 2414 -
1145 2365 1288 2451 Ohoeph.
1311 2389 1340 2430 v.
1364 2366 1429 2430 355
1449 2388 1530 2450 sqq.:

226 2477 324 2560 φίλος
346 2479 475 2559 φίλοισι
498 2485 568 2550 τοῖς
591 2474 659 2539 ἐκεῖ
679 2474 789 2550 καλάς
810 2476 959 2539 θανοῦσι
982 2469 1078 2539 Κατὰ
1101 2468 1227 2558 χθονός
1251 2463 1426 2556 ἐμπρέπων
1449 2467 1530 2535 άνά-

225 2604 329 2665 κτωρ,
352 2577 552 2666 Πρόσπολός
575 2605 609 2646 τε
632 2582 699 2647 τῶν
721 2586 887 2666 μεγίστων
910 2584 1062 2666 χθονίων
1087 2580 1155 2645 ἐκεῖ
1170 2575 1348 2666 τυράννων
1372 2575 1425 2664 (de
1446 2578 1530 2663 Aga·

227 2687 420 2775 memnone).
444 2727 487 2734 —-
516 2687 659 2774 Choeph.
682 2712 710 2753 v.
735 2690 799 2753 376
824 2711 882 2772 sq:
915 2690 982 2754 τάν
1014 2685 1076 2772 μὲν
1110 2682 1237 2773 άρωγοὶ
1265 2682 1347 2751 κατὰ
1376 2687 1437 2770 γῆς
1464 2681 1529 2769 ἤδη

228 2791 342 2879 (intell.
367 2794 552 2882 ἱκνοῦνται)
654 2835 697 2842 -
721 2793 770 2861 Of.
793 2795 879 2861 Pers.
904 2819 932 2860 v.
956 2797 1035 2882 3193
1058 2794 1202 2877 Ohoeph.
1224 2817 1254 2859 v.
1275 2794 1342 2859 684
1361 2815 1420 2878 sqq
1445 2791 1530 2876 Sept.

228 2926 256 2967 v.
272 2903 346 2986 818,
368 2903 429 2967 etsi
453 2902 639 2968 Dindorfius
665 2902 820 2985 Aeschyli
843 2925 914 2966 esse
937 2902 1018 2966 haec
1040 2903 1139 2966 verba
1162 2904 1274 2986 negat;
1298 2900 1433 2985 denique
1456 2899 1532 2964 ibid.

231 3031 260 3072 v.
283 3009 347 3074 960
370 3032 451 3095 sqq„
479 3010 596 3095 quibus
620 3010 784 3094 Antigone
812 3012 845 3072 et
867 3009 994 3074 Ismene
1021 3008 1140 3073 fratres
1164 3007 1288 3074 occisos
1313 3008 1533 3092 alloquuntur.

318 3117 430 3181 Altera
458 3116 522 3182 iam
551 3120 571 3197 ἓ
600 3139 654 3181 eas
683 3137 894 3200 exsequemur
921 3115 1205 3199 conformationes,
1238 3113 1355 3199 quibus
1383 3117 1534 3180 concreta

230 3226 264 3285 et
286 3223 463 3308 abstracta,
486 3246 568 3308 quae
591 3227 709 3288 vocant
727 3223 952 3308 grammatici,
980 3222 1028 3289 ita
1057 3221 1160 3307 magis
1187 3222 1359 3307 perspicua
1386 3215 1468 3286 fiunt
1496 3243 1533 3286 ac

230 3333 384 3414 tanquam
416 3352 573 3414 personae
609 3331 817 3414 inducuntur,
855 3335 892 3394 ut
923 3330 963 3393 iis
1000 3330 1169 3394 hominum
1202 3330 1302 3393 vestis
1334 3328 1535 3394 domicilium

231 3436 459 3521 instrumenta,
491 3439 628 3523 denique
659 3458 711 3500 res
744 3436 785 3500 ad
817 3437 918 3501 vitam
950 3435 1128 3500 humanam
1160 3457 1317 3522 usumque
1350 3439 1534 3521 spectantes

231 3542 467 3627 impertiantur.

849 3779 868 3856 A
892 3777 921 3840 2.
1334 3851 1337 3858 .

233 3899 278 3967 Ile
309 3897 635 3982 conformationibus,
665 3898 780 3984 quitus
809 3918 862 3983 ca,
896 3917 979 3984 quae
1007 3899 1083 3965 sunt
1111 3900 1307 3984 inanimata,
1339 3917 1379 3966 ea
1407 3899 1538 3966 ratione

234 4008 325 4092 quasi
350 4025 488 4094 corpore
512 4007 652 4072 humano
676 4005 872 4089 induuntur,
900 4007 937 4072 ut
965 4006 1005 4072 iis
1028 4025 1083 4072 res
1112 4007 1185 4074 arte
1209 4005 1379 4074 confectae
1403 4006 1538 4091 usuique

540 4113 704 4180 hominum
728 4112 992 4182 accommodatae
1016 4114 1251 4196 ascribuntur„
1286 4197 1289 4206 .

325 4274 420 4359 Apud
440 4273 638 4358 Aeschylum
657 4274 719 4339 huc
742 4275 907 4358 pertinent
924 4275 1004 4339 haec
1026 4274 1093 4339 fere
1118 4274 1288 4339 vocabula:
1312 4280 1447 4359 χλαῖνα,
1471 4296 1540 4340 ποι-

234 4363 403 4466 κιλείμων,
423 4383 639 4465 μελαγχίτων,
659 4386 878 4465 μελανείμων,
896 4377 1067 4466 κάλυμμα;
1087 4378 1290 4466 κάτοπτρον;
1311 4377 1424 4466 δόμος,
1444 4380 1541 4465 με’λα-

235 4495 340 4572 θρον,
363 4483 490 4572 βωμός,
513 4484 668 4571 πυθμήν,
691 4485 834 4580 δρόνος;
864 4485 1008 4575 άρουρα,
1037 4485 1153 4572 ζυγὸν,
1182 4487 1365 4570 λέπαδνον,
1388 4487 1540 4572 κέντρον,

236 4591 455 4676 λευκόπωλος,
479 4590 692 4677 μελάνιππος,
716 4589 821 4679 άρμα;
846 4596 993 4678 δίκτυον,
1011 4593 1115 4680 ἕρκος,
1135 4590 1296 4680 άγρεομα,
1316 4589 1541 4681 άρκύστατον’;

236 4698 394 4786 τόξευμα,
417 4699 527 4784 βέλος,
552 4695 652 4782 όπλα,
676 4696 790 4780 τόξον,
819 4699 1003 4787 άσπίστωρ,
1032 4697 1241 4786 μελάναιγις,
1266 4696 1540 4787 φασγανουργός;

237 4808 327 4887 οίαξ;
352 4806 472 4891 δέλτοι,
495 4806 653 4892 θίσμιον;
677 4803 788 4891 κόβος.

327 4915 470 4980 Primum
489 4915 590 5000 igitur
608 4915 837 4980 translationes
856 4919 979 4982 vestem
999 4920 1183 5004 spectantes
1203 4915 1418 5000 expediamus.
1455 4916 1543 4980 Ami-

1292 5019 1331 5076 2*
1400 5067 1405 5076 .
