3610 5542
828 327 1043 392 ...32-

370 483 441 548 Iam
477 486 513 547 ut
544 484 746 567 propositum
779 487 842 568 cst,
879 483 920 548 ad
953 507 1007 549 eas
1041 483 1286 567 progrediamur
1318 483 1592 548 conformationes

281 587 482 674 tractandas,
511 589 628 673 quibus
653 589 797 654 rationes
825 611 842 653 e
866 590 951 654 vitae
973 590 1136 653 humanae
1165 588 1408 654 condicionibus
1436 592 1527 654 ortae
1551 589 1592 653 ad

283 698 433 760 concreta
461 695 687 780 abstractaque
714 695 973 762 transducuntur.
1018 695 1125 780 Atque
1152 695 1291 760 exordiri
1319 695 1399 760 mihi
1426 696 1522 761 liceat
1550 696 1595 778 ab,

283 800 323 864 iis
347 800 558 886 imaginibus,
584 801 700 886 quibus
723 801 830 868 alendi
855 802 1124 886 sustentandique
1148 802 1239 868 notio
1263 803 1313 886 iis,
1335 825 1417 887 quae
1442 807 1518 868 sunt
1540 803 1589 867 in-

283 906 441 992 animata,
464 907 663 973 attribuitur.
710 908 798 985 Quae
822 908 876 974 bio
897 909 1086 974 inserendae
1111 909 1190 974 mihi
1213 909 1301 974 visae
1325 913 1414 991 sunt,
1438 909 1591 994 quoniam

282 1012 370 1078 haud
398 1035 472 1079 raro
501 1015 542 1079 ad
571 1037 625 1079 eas
653 1015 900 1097 translationes,
932 1037 1014 1099 quae
1041 1019 1215 1098 parentum
1242 1016 1407 1081 notionem
1435 1017 1592 1081 translate

284 1118 451 1203 adhibent,
482 1122 628 1206 proxime
657 1122 822 1188 accedunt.
874 1122 978 1198 Quam
1010 1121 1200 1187 brevissime
1234 1122 1313 1186 satis
1344 1121 1449 1187 habeo
1478 1121 1592 1186 afferre

284 1228 440 1311 exempla.
487 1225 542 1292 Sol
566 1228 667 1312 igitur
689 1233 796 1293 terrae
820 1233 870 1294 cst
891 1230 1001 1295 nutrix
1026 1229 1086 1315 Ag.
1105 1252 1132 1294 v.
1148 1229 1227 1294 633:
1254 1223 1343 1312 πλὴν
1365 1229 1427 1293 τοῦ
1451 1227 1591 1314 τρέφον-

283 1355 340 1408 τος
358 1327 474 1398 Ἡλίου
497 1329 624 1419 χθονὸς
651 1331 781 1418 φύσιν,
813 1339 909 1421 atque
936 1339 1024 1401 terra
1054 1335 1197 1401 omnium
1226 1357 1348 1419 rerum,
1381 1356 1464 1420 qnae
1490 1334 1525 1398 in
1554 1357 1593 1400 ea

284 1443 431 1504 crescunt
449 1444 482 1504 et
500 1440 718 1506 efflorescunt:
747 1440 890 1526 Choeph.
910 1467 937 1508 v.
954 1445 1009 1508 66:
1037 1437 1103 1508 ὑπὸ
1123 1439 1250 1528 χθονὸς
1272 1443 1412 1528 τροφοῦ.
1438 1441 1496 1536 Cf.
1515 1443 1592 1507 ibid.

286 1569 314 1610 v.
336 1547 413 1630 128,
441 1570 469 1612 v.
488 1547 562 1612 585.
591 1585 632 1594 -
661 1547 785 1613 Eadem
813 1549 879 1614 fere
907 1551 1034 1616 ratione
1068 1551 1215 1634 singulae
1243 1555 1348 1616 terrae
1381 1549 1593 1634 effinguntur:

282 1653 377 1718 Eum.
396 1676 426 1718 v.
446 1653 488 1718 58
504 1677 563 1740 sq.:
592 1649 667 1720 οὐδ’
693 1650 764 1738 ἥτις
787 1649 845 1720 αἶα
867 1650 959 1722 τοῦτ’
985 1653 1155 1743 ἐπεύχεται
1178 1656 1275 1741 γένος
1301 1649 1467 1740 Τρέφονσ’
1494 1649 1593 1720 ἀνατὶ

285 1754 329 1843 μὴ
353 1758 563 1844 μεταστένειν
587 1757 703 1826 πόνον.
733 1800 774 1810 -
799 1763 878 1828 Asia
902 1785 977 1828 oves
1001 1764 1060 1828 alit
1081 1764 1169 1830 Pers.
1188 1787 1217 1828 v.
1233 1765 1309 1828 763:
1338 1758 1468 1840 ’Λαίδος
1491 1767 1593 1847 μηλο-

284 1863 438 1949 τρόφον.;
458 1867 606 1931 similiter
621 1867 733 1954 Suppl.
748 1892 778 1933 v.
788 1869 866 1934 548:
885 1866 1075 1955 μηλοβότου
1092 1873 1249 1956 Φρυγίας.
1273 1867 1323 1935 Of.
1336 1869 1412 1934 ibid.
1426 1892 1454 1934 v.
1465 1869 1538 1934 558.
1552 1905 1589 1914 -

283 1973 393 2038 Insula
416 1995 513 2058 porro
538 1973 697 2038 columbis
722 1975 888 2040 abundans
913 1959 1186 2062 πελειοθρέμμων
1210 1981 1343 2042 vocatur
1366 1975 1453 2040 Pers.
1474 1998 1504 2040 v.
1518 1975 1592 2040 309.

286 2118 324 2128 -
353 2080 496 2164 Aegypti
525 2102 602 2145 arva
625 2085 783 2165 pra-taque
807 2082 977 2147 fertilitate
1001 2083 1143 2168 insignia
1172 2106 1191 2148 a
1214 2083 1343 2148 nivibus
1372 2083 1464 2167 quasi
1489 2081 1591 2146 nutri-

285 2190 383 2251 untur
405 2185 517 2272 Suppl.
540 2209 570 2250 v.
584 2187 663 2251 559:
688 2189 833 2272 λειμῶνα
856 2185 1135 2276 postposueram).
1171 2186 1256 2252 Male
1280 2187 1389 2253 Hense
1408 2189 1428 2255 l.
1442 2189 1462 2252 l.
1481 2211 1511 2273 p.
1525 2189 1590 2254 217

282 2289 504 2379 χιονόβοσκον
528 2293 609 2357 illud
631 2315 727 2358 sensu
752 2296 857 2360 activo
881 2296 1042 2380 accepisse
1066 2296 1207 2378 videtur,
1230 2296 1307 2379 quia
1328 2297 1496 2377 comparat
1519 2315 1592 2359 cum

283 2399 439 2465 hocloco
463 2399 539 2464 Eur.
563 2398 684 2465 Phoen.
711 2422 739 2465 v.
761 2402 860 2466 1571:
897 2399 1114 2486 λωτοτρόφον
1141 2397 1223 2466 κατα
1254 2404 1402 2486 λείμακα.
1448 2399 1591 2476 Quodsi

283 2507 427 2589 volebat,
454 2503 678 2590 χιονοβόσκον
707 2507 735 2570 ei
760 2507 963 2575 scribendum
987 2513 1066 2574 erat.
1112 2509 1279 2574 intellexit
1301 2531 1376 2573 vero
1404 2511 1499 2590 poeta
1522 2507 1593 2572 sine

285 2612 382 2678 dubio
416 2613 507 2680 nives
541 2610 740 2698 resolutas⁶²)
773 2614 812 2678 de
844 2614 1011 2679 montibus
1045 2613 1246 2700 Aethiopicis
1279 2616 1440 2698 delapsas,
1477 2615 1591 2698 quibus

286 2723 398 2784 auctae
417 2719 487 2784 Nili
510 2741 614 2804 aquae
637 2719 857 2784 fertilissimos
875 2720 1053 2786 reddebant
1071 2743 1211 2806 campos.
1249 2720 1338 2796 Quae
1357 2741 1430 2785 oum
1453 2720 1500 2786 ita
1520 2717 1593 2804 rint,

284 2826 396 2912 quidni
419 2829 534 2911 poetae
553 2826 680 2892 licuerit
697 2826 788 2891 nives
807 2828 899 2911 quasi
917 2829 1059 2894 nutrices
1080 2829 1244 2914 appellare
1263 2826 1484 2912 camporum?
1509 2827 1595 2902 Qua-

283 2937 417 3019 propter
440 2932 651 2998 Oberdichius
680 2934 714 2998 in
737 2934 895 2999 librorum
918 2935 976 3000 illa
1001 2937 1160 3020 scriptura
1188 2958 1254 3000 non
1278 2936 1358 3000 adeo
1386 2934 1519 2998 haerere
1542 2933 1592 2998 de-

200 3115 202 3119 ,
282 3029 395 3123 hebet,
427 3045 463 3105 ut
491 3040 562 3104 fieri
588 3063 655 3104 non
683 3063 779 3124 posse
806 3045 910 3126 ratus,
944 3047 981 3106 ut
1008 3044 1080 3127 ipsa
1107 3065 1185 3106 arva
1212 3041 1290 3108 Nilo
1318 3040 1499 3106 adiacentia
1525 3063 1593 3125 χιο-

284 3143 433 3231 νόβοσκα
462 3149 714 3232 appellarentur,
742 3149 957 3212 coniecturam
981 3144 1212 3232 χληὸόβοσαον
1239 3151 1435 3231 proponeret
1468 3145 1592 3232 (Suppl.

285 3255 358 3319 edit.
390 3278 421 3340 p.
448 3255 511 3319 144
526 3251 595 3341 sq.).
626 3291 668 3300 ——
699 3253 810 3321 Eiam
840 3255 922 3319 mari
955 3258 989 3319 et
1015 3255 1201 3320 fluminibus
1231 3253 1393 3318 nutriendi
1426 3255 1592 3319 notionem

285 3360 465 3444 Aeschylus
480 3360 666 3444 impertivit.
697 3358 748 3426 Sic
768 3382 858 3426 mare
877 3384 1091 3445 purpurarum
1107 3362 1233 3446 copiam
1248 3363 1307 3426 alit
1321 3359 1383 3445 Ag.
1398 3383 1426 3426 v.
1437 3361 1502 3425 958
1512 3381 1593 3443 sqq.:

286 3471 377 3533 ἔστιν
400 3464 566 3548 θάλασσα,
583 3521 589 3533 .
604 3516 634 3532 ..
662 3465 838 3552 Τρέφουσα
861 3469 985 3551 πολλῆς
1003 3464 1180 3553 πορφύρας
1203 3463 1388 3552 ἰσάργυρον
1407 3466 1592 3550 Kapauta...

288 3574 432 3640 Similem
457 3575 492 3638 in
515 3574 646 3638 modum
666 3571 761 3638 Nilus
785 3574 971 3660 depingitur
994 3576 1082 3640 hisce
1106 3575 1199 3638 locis:
1223 3572 1309 3636 Pera.
1328 3593 1357 3635 v.
1373 3572 1428 3636 33:
1453 3567 1470 3636 ὁ
1492 3565 1593 3655 μένας

283 3680 338 3746 καὶ
362 3679 611 3766 πολυθρέμμων
626 3684 772 3759 Νεῖλος.;
797 3677 907 3765 Suppl.
932 3704 959 3745 v.
974 3682 1054 3746 281:
1084 3677 1138 3743 καὶ
1158 3683 1281 3754 Νεῖλος
1303 3671 1345 3742 dcv
1369 3676 1506 3763 θρέψειε
1528 3701 1594 3743 τοι·

285 3789 387 3854 οὗτον
416 3784 548 3872 φντόν.;
579 3787 654 3853 ibid.
682 3811 711 3853 r.
730 3789 811 3852 497:
852 3793 976 3864 Νεῖλος
1008 3782 1071 3872 γὰρ
1100 3781 1162 3870 οὐχ
1195 3781 1315 3869 ὅμοιον
1345 3779 1461 3873 Ἰνάχῳ
1493 3783 1592 3867 γένος

289 3893 417 3980 Τρέφει.
465 3893 512 3960 Of.
536 3893 650 3978 fragm.
678 3895 752 3978 192,
781 3895 814 3958 4:
851 3898 974 3978 λίμναν
1006 3888 1242 3978 πανιοτρόφον
1275 3892 1427 3979 (Lobeck.
1458 3889 1592 3956 πόντων

283 3997 428 4087 τροφόν)
457 3997 645 4066 Αἰθιόπων.
676 4039 713 4047 -
744 4000 852 4065 Unum
882 4001 1019 4086 denique
1051 4001 1250 4082 abstractum
1278 3997 1464 4062 huiusmodi
1492 4002 1592 4063 meta·

284 4110 388 4193 phora
407 4108 589 4173 illustratur
608 4105 752 4192 Ohoeph.
774 4131 804 4172 v.
818 4108 897 4172 921:
925 4105 1039 4193 τρέφει
1063 4105 1102 4171 δέ
1123 4102 1154 4190 γ’
1177 4101 1301 4191 ἀνδρὸς
1324 4101 1452 4189 μόχθος
1470 4099 1593 4188 ἡμένας

231 4298 234 4303 ¹
285 4219 348 4281 foer
377 4216 397 4280 i.
422 4237 447 4280 e.
478 4215 619 4280 virorum
652 4215 746 4280 labor
778 4215 838 4278 alit
865 4215 1015 4279 mulieres
1048 4214 1135 4278 domi
1169 4216 1380 4277 remanentes.
1426 4209 1593 4295 Explicari

285 4324 395 4408 potest
413 4344 469 4405 per
488 4322 728 4405 metonymiam.
767 4320 828 4386 Sed
847 4320 962 4385 harum
985 4320 1236 4384 translationum
1253 4320 1406 4384 nimirum
1424 4318 1593 4405 plurimae,

287 4429 351 4496 alia
375 4429 504 4512 quidem
527 4428 632 4512 magis
657 4428 732 4510 alia,
755 4443 816 4492 usu·
839 4428 935 4491 tritae
959 4428 1200 4511 exstinctaeque
1224 4431 1308 4491 sunt.

375 4533 555 4600 Veniamus
583 4535 648 4598 iam
677 4535 779 4599 adea
808 4534 965 4627 exempla,
994 4534 1111 4617 quibus
1134 4556 1185 4598 res
1213 4533 1280 4598 vita
1308 4535 1454 4597 carentes
1479 4531 1589 4598 vicini-

284 4647 353 4708 tate
377 4641 470 4727 quasi
493 4641 577 4705 inter
602 4662 635 4704 se
655 4641 846 4705 coniunctae
870 4644 953 4704 sunt.
991 4639 1191 4705 Praecedant
1214 4645 1322 4704 autem
1345 4642 1410 4704 tres
1435 4638 1592 4723 imagines

287 4750 454 4822 notionem
473 4747 644 4812 habitandi
667 4748 717 4811 vel
739 4770 805 4812 una
823 4747 993 4812 habitandi
1010 4747 1046 4811 in
1063 4749 1247 4813 universum
1267 4746 1464 4810 exhibentes.
1503 4742 1593 4809 Cala-

285 4857 417 4922 mitates
447 4854 532 4918 enim
564 4876 689 4938 semper
717 4855 821 4921 denuo
849 4855 884 4919 in
908 4853 1022 4940 Oedipi
1050 4857 1179 4938 gentem
1202 4853 1390 4936 ingruentes
1419 4853 1491 4917 foco
1520 4855 1592 4916 tan-
